3104 4830
668 317 791 366 rurus.
1214 305 1278 369 957

191 463 339 526 rentibus
352 461 488 544 publice
503 459 645 536 cunctis,
666 459 822 537 senatus,
837 461 930 545 prius
955 479 1056 543 quam
1068 461 1178 525 edicto
1199 481 1278 526 con-

190 569 377 637 vocaretur,
394 561 436 624 ad
452 559 588 624 Curium
615 560 825 636 concurrit‚⁹¹
847 560 1074 642 obseratisque
1098 560 1205 624 adhuc
1227 563 1278 624 so-

191 663 301 741 ribus3
324 661 444 726 deinde
457 661 595 743 apertis,
609 666 720 723 tuntas
733 664 862 724 mortuo
872 661 994 742 gratias
1006 662 1082 742 egit,
1093 660 1277 743 laudesque

193 765 368 844 congessit,
383 769 527 846 quantus
543 780 584 823 nc
600 759 678 824 viro
689 768 716 798 ¹⁰
738 761 874 843 quidem
902 779 1046 844 unquam
1069 766 1171 846 utque
1195 781 1277 844 prse-

193 863 291 926 senti.

195 1165 211 1208 ⁹
226 1159 319 1236 ‘lieu
337 1166 435 1236 mutere
444 1159 664 1234 interpunctione,
673 1157 846 1234 superioribus
862 1155 960 1231 srtdittt,¹
971 1169 1022 1240 quo
1037 1157 1176 1219 pertinent,
1187 1172 1243 1234 cunr
1255 1161 1281 1208 tn

194 1224 310 1273 omuibus
329 1223 395 1272 nou.
414 1231 605 1285 interpunctuur
621 1235 772 1270 ruvenreeeur
785 1227 843 1282 poet
854 1225 979 1269 cremat.
1006 1221 1114 1282 Bsurnp.
1147 1221 1190 1270 lte
1206 1232 1281 1272 eusrn

194 1285 402 1348 distinguendum
415 1285 513 1336 monuit
525 1287 594 1348 Lipe.
612 1285 734 1335 Ceterum
748 1285 864 1332 roecerrr't
881 1283 998 1344 praebeut
1010 1283 1114 1330 Merum.
1124 1285 1221 1334 Medic.
1232 1286 1283 1336 Po·

195 1351 234 1400 ru.
245 1348 329 1400 Noun.
340 1351 396 1400 Pet.
407 1349 457 1398 dno
465 1350 541 1400 Torr.
554 1349 631 1397 Fouc.
642 1348 708 1397 Eud.
725 1348 797 1396 Med.
808 1347 871 1396 Veu.
881 1347 952 1395 Csid·
966 1347 1031 1396 Bou.
1042 1346 1103 1396 ΑΜ.
1114 1346 1186 1397 tunt.
1198 1349 1281 1412 bugd.

197 1415 286 1476 Steptr.
305 1421 332 1462 et
349 1415 382 1460 st.
399 1413 544 1474 prebentib.
563 1412 642 1462 Grut.
661 1412 783 1460 Berueec
795 1415 844 1460 ἂν.
863 1409 906 1460 ΑΙ.
924 1411 1101 1459 acerris—ro
1118 1411 1159 1459 lte
1176 1412 1282 1464 Menrru.

197 1477 294 1526 Medic.
305 1477 374 1525 Duo.
387 1476 467 1526 Potir.
478 1476 641 1525 thrt.Voee.
658 1476 738 1524 Fouc.
757 1474 795 1536 (in
807 1489 858 1538 quo
869 1489 896 1522 eu
918 1488 946 1521 rs
956 1473 1138 1536 obsecratique)
1156 1474 1221 1524 Edu.
1235 1477 1283 1526 Ce-

197 1539 376 1590 seutr.Scbttd.
392 1539 473 1590 Gron.
491 1539 582 1588 Pitiec.
601 1537 671 1588 opu.
683 1539 744 1587 Ero.
759 1537 817 1600 Bip.
830 1489 946 1587 wolffo
963 1539 1000 1586 eie
1021 1551 1054 1585 ex
1071 1539 1197 1600 Eutropio
1216 1554 1282 1589 corr.

195 1606 272 1654 Torr.
290 1604 414 1666 prebente
430 1603 512 1652 Scrir.
539 1602 580 1651 At.
589 1603 683 1664 gretia
693 1603 743 1663 egit
754 1603 886 1664 ῑαιάιηιι,
896 1605 995 1664 penetus
1008 1615 1076 1662 soeg.
1092 1615 1121 1650 ee
1134 1603 1196 1664 utro,
1213 1606 1282 1665 quod

197 1675 299 1716 servent
310 1667 396 1716 θην.
408 1675 434 1714 et
444 1667 532 1715 Burin.
555 1671 655 1729 quartus
665 1681 694 1714 ree
705 1680 773 1727 soeg.
786 1665 842 1726 an.
859 1679 900 1713 ser
913 1665 984 1713 Voss.
998 1663 1076 1714 Fouc.
1092 1665 1119 1713 in
1129 1679 1180 1728 quo
1190 1667 1283 1727 quidm

199 1731 231 1781 sb
242 1732 272 1780 et.
284 1745 319 1780 ur.
330 1731 463 1794 seriptum.

691 1888 799 1938 No'rtss

230 2013 240 2036 ²
250 2001 375 2050 Ceeeerrs‘t
385 1999 512 2065 [acerrit]
522 1999 588 2050 Mes.
598 1998 648 2048 due
658 1999 722 2048 Tor·
762 1998 868 2048 veniunt
878 1996 1037 2060 trequentes.
1065 1995 1115 2044 Sed
1126 2011 1177 2058 que
1187 1999 1284 2047 rstioue

200 2083 266 2126 rent.
281 2075 408 2134 meerrs‘t,
419 2083 447 2123 ut
466 2076 491 2122 in
509 2074 572 2122 Ottr.
584 2088 608 2123 c.
619 2077 643 2121 8.
655 2072 722 2137 quod
764 2074 912 2134 Eutropium
927 2071 1098 2135 explicuerit?
1116 2071 1159 2134 qui
1177 2072 1221 2121 tib.
1237 2087 1286 2122 vu.

199 2151 267 2202 tent
288 2149 366 2200 dubie
385 2151 479 2199 rectius
496 2157 545 2208 eet,
562 2149 643 2212 inquit
660 2149 722 2196 Ber·
764 2149 808 2200 sit,
825 2147 959 2204 ‘Seuetue,
972 2145 1044 2193 obitu
1056 2145 1133 2206 ipsius
1145 2145 1214 2195 cirre
1231 2161 1285 2197 res-

200 2241 342 2290 negperusr
360 2239 416 2273 nem
434 2225 576 2273 cucurrisse
593 2229 724 2272 eenetoree
765 2235 852 2285 persus
875 2221 1002 2274 nuntiato,
1030 2229 1104 2268 noete
1137 2220 1230 2284 irrupit
1259 2222 1283 2270 in

200 2303 257 2366 quie
274 2299 379 2350 credet?
407 2312 561 2348 concurrere
584 2303 678 2356 eutem,
695 2303 725 2344 nt
764 2297 871 2356 curtum,
889 2305 917 2344 et
933 2301 1017 2343 tentes
1039 2293 1062 2342 ei
1081 2299 1181 2345 mortuo
1197 2295 1286 2344 tendes

201 2385 230 2425 et
249 2373 384 2430 continere,
403 2375 517 2422 Romane
539 2373 672 2434 loquentes
692 2369 724 2419 de
763 2371 909 2435 gretteeque
921 2367 1124 2432 congentu'uc.

200 2451 232 2500 tte
249 2455 380 2514 usurpent,
397 2449 450 2514 qui,
465 2445 540 2506 βάδην
555 2446 649 2508 eundo,
666 2459 724 2494 cen·
