3090 4824
260 335 325 402 Sit
674 352 718 398 .o.
740 348 919 400 snnronrr

261 500 340 570 tnr,²
355 493 522 575 sprevisse
536 490 710 569 nantium,l
726 501 870 576 excepta
886 491 1213 558 Germanicianorum
1227 488 1255 538 ³¹
1271 511 1354 558 vex-

261 580 436 659 illntione.¹¹
480 593 541 671 Hi,
557 595 600 658 ob
622 613 740 658 recens
765 596 925 671 meritum,
950 594 1042 677 quod
1064 613 1100 656 se
1117 611 1221 674 aegros
1245 600 1279 657 et
1299 597 1351 658 in-

260 696 392 760 validos
417 715 538 777 magno
554 715 653 778 opere
667 696 817 773 fovisset,
831 698 865 760 in
879 695 1042 760 auxilium
1065 693 1325 759 advolaverunt:
1338 703 1354 744 ⁴

261 798 320 862 sed
337 797 455 874 serius,
466 798 583 861 itinere
598 798 695 862 devio
711 819 771 880 per
779 799 997 878 ignorantiam
1007 796 1155 860 locorum
1167 797 1353 861 retardatio

259 898 282 962 J
284 899 437 980 ugnlatns
452 905 505 962 est
520 898 563 962 ad
579 898 688 961 lacum
705 896 831 974 Curtii,¹
853 918 894 962 ao
909 899 1046 962 relictas
1061 897 1109 960 ita
1130 898 1178 961 nti
1193 903 1273 972 erat,
1289 897 1352 961 do-

258 1017 321 1062 nec
335 999 500 1081 gregarius
516 998 642 1077 miles,nn
655 1017 676 1062 a
689 997 943 1062 frumentatione
952 998 1096 1074 rediens,
1106 997 1240 1080 abjecto
1252 1015 1352 1062 onere

260 1104 363 1180 eaput
392 1099 424 1162 ei
448 1099 644 1180 amputavit.
688 1099 733 1162 Et
758 1099 914 1181 quoniam
942 1099 1065 1181 capillo
1091 1117 1162 1181 prae
1191 1097 1352 1162 calvitie⁶

260 1200 404 1281 arripere
427 1218 494 1261 non
517 1206 677 1281 ῑιοιειιιι,7
699 1199 733 1263 in
758 1202 915 1281 mentium
941 1200 1088 1264 abdidit:
1110 1218 1202 1276 mox,
1226 1199 1349 1263 inserto

259 1317 319 1382 per
334 1318 373 1362 os
396 1300 534 1381 pollice,
549 1300 593 1364 ad
616 1299 777 1364 Othonem
793 1300 921 1365 detulit.
965 1301 1029 1364 Ille
1054 1300 1135 1364 lixis
1161 1299 1351 1365 calonibus·

260 1419 326 1482 qne
340 1398 498 1465 donarit:
514 1399 572 1484 qni
586 1401 682 1465 hasta
694 1398 879 1474 suffixum,‘¹
900 1420 967 1465 non
980 1401 1050 1464 sine
1065 1399 1207 1464 ludibrio
1223 1399 1349 1464 circum

712 1595 890 1618 ‘mmm

260 1723 374 1774 Heriem.
386 1724 446 1789 an.
457 1739 513 1776 eam
526 1726 592 1776 nod.
605 1732 663 1777 ante
675 1729 734 1778 Bao.
745 1736 773 1777 et
783 1727 936 1792 Grypo-2
953 1725 998 1777 Sia
1008 1725 1125 1790 prebent
1135 1725 1240 1774 Momm.
1251 1729 1278 1774 et
1290 1739 1348 1775 enm

257 1789 322 1838 naa.
334 1790 408 1839 Rom.
420 1805 506 1840 aranea
519 1791 588 1842 Oad·
600 1801 693 1853 praeter
704 1793 781 1842 vind.
793 1797 815 1845 1.
827 1794 852 1842 in
865 1806 925 1857 qao,
942 1794 985 1854 nti¹
997 1792 1022 1840 in
1041 1791 1124 1839 Palm.
1144 1789 1220 1840 duob.
1237 1790 1349 1838 aomar.

257 1851 300 1900 ΑΙ.
310 1852 343 1900 de
354 1868 424 1902 mare
434 1869 546 1906 necarer.
579 1855 672 1905 Statim
684 1857 743 1904 illud
758 1863 824 1906 rant.
836 1858 949 1919 cap-t
967 1856 1009 1904 lta
1021 1861 1081 1903 ante
1094 1856 1200 1918 Banrog.
1211 1851 1348 1902 ediderant

257 1916 318 1980 Bip.
329 1917 406 1966 Wolf.
419 1917 486 1967 idern
506 1917 631 1968 euadente
648 1918 718 1968 ond.
737 1919 939 1969 Germanioiorroa
955 1921 1060 1968 Mamm.
1077 1917 1174 1967 Medic.
1192 1917 1266 1965 Vota.
1282 1917 1347 1965 Mar.

256 1980 329 2029 Torr.
340 1981 452 2030 Τιτυοὶ).
463 1981 530 2032 ndo.
543 1981 627 2034 Palm.
637 1983 710 2032 Torr.
721 1983 805 2033 Serio.
817 1985 904 2034 linrrn·
915 1983 946 2032 el.
965 1983 1158 2032 Germanicorum
1170 1979 1254 2032 eona.
1265 1981 1308 2029 alii
1320 1989 1348 2029 et

257 2043 324 2091 Edd.
337 2044 475 2107 pleraeque.
495 2047 664 2094 Coronaeorum
674 2047 751 2096 vind.
763 2053 787 2096 2.
799 2049 878 2097 Fene.
891 2049 963 2097 Cart.
975 2047 1061 2095 Perta.
1071 2045 1120 2095 Ed.
1134 2047 1207 2094 llom.
1225 2058 1276 2093 oea.
1289 2057 1345 2108 pro·

258 2105 336 2154 hante
347 2107 469 2157 Toto—l
488 2110 531 2158 Sia
543 2110 663 2158 exhibent
674 2109 743 2159 Oud.
755 2111 815 2174 Bip.
827 2113 888 2161 Era.
900 2115 949 2161 ltro.
967 2126 1024 2160 aum
1041 2109 1138 2158 Medic.
1150 2114 1172 2158 l.
1189 2108 1265 2156 vind.
1278 2109 1346 2157 lion.

260 2167 331 2217 Cort.
343 2169 429 2219 Paria.
449 2170 499 2220 dno
512 2173 597 2222 Palm.
609 2173 675 2222 nod.
691 2188 751 2222 aare.
769 2187 816 2224 xv.
836 2176 902 2224 Bon.
935 2174 1020 2235 Vulgo
1039 2175 1185 2223 aaoolorere.
1199 2172 1264 2221 nod.
1283 2172 1348 2220 l'en.

258 2232 344 2296 Lngd.
356 2236 404 2283 &e
421 2235 537 2283 Harlern·
548 2238 708 2293 avolaverunt,
723 2239 796 2289 lom.
812 2241 941 2288 arolaaere.
977 2239 1076 2287 Deonnt
1089 2238 1113 2286 ir
1123 2252 1179 2288 aaa.
1191 2236 1258 2284 Edd.
1271 2235 1346 2284 llam.

258 2303 305 2346 -5
324 2298 462 2346 lietardotie
473 2299 550 2348 vtna.
563 2305 586 2348 l.
619 2302 683 2349 Tam
697 2303 768 2350 Carti
778 2302 876 2352 Medic.
892 2307 915 2351 Β.
934 2302 1024 2362 adiecto
1036 2316 1083 2364 pro
1093 2301 1141 2362 aij.
1155 2301 1279 2349 Hele-o
1296 2298 1348 2347 Ab·

259 2367 318 2408 auat
328 2375 379 2423 proe
389 2363 448 2412 oola.
460 2378 474 2411 a
486 2365 591 2412 Memno.
605 2365 670 2428 Cap.
681 2365 757 2414 Halo.
767 2366 840 2417 Vara.
854 2367 951 2416 Medic.
964 2371 986 2416 8.
1003 2366 1061 2427 an.
1072 2380 1087 2414 a
1099 2379 1133 2413 ra.
1145 2378 1183 2426 pr.
1198 2371 1224 2412 et
1240 2371 1269 2412 at
1287 2377 1346 2426 apo-

257 2424 323 2472 rlnra
335 2425 438 2474 damnat
450 2427 512 2476 Era.
523 2429 605 2491 capillo
616 2443 665 2477 non
677 2429 763 2492 placet
776 2429 845 2479 Oarl.
867 2432 988 2481 Ceteram
999 2429 1093 2478 oolaitr‘o
1103 2429 1166 2477 dant
1178 2427 1275 2477 Medic.
1288 2441 1345 2475 eum

258 2487 325 2536 End.
338 2488 404 2538 Bon.
415 2490 487 2539 Med.
499 2505 552 2540 aee.
570 2491 621 2540 Ata
636 2493 709 2543 lunt.
727 2495 808 2554 Lagei.
826 2496 888 2543 Ber.
903 2496 993 2553 steph.
1010 2493 1111 2556 Grypo.
1128 2493 1211 2540 Palm.
1229 2491 1346 2554 alliaque,

257 2552 325 2615 quod
345 2555 459 2618 pretulit
479 2555 551 2606 Torr.
568 2555 649 2606 edidit
664 2556 782 2606 Onne-⁷
800 2559 929 2610 Portarum
949 2558 1114 2608 Heriem-8
1133 2555 1223 2620 Gepida
1238 2557 1345 2604 Mearm.

744 2717 851 2770 NOTAE

289 2809 431 2872 ¹²Speroiare
439 2809 559 2872 aeoliam]
575 2813 612 2863 Ut
624 2814 656 2862 tie
667 2812 780 2876 lllyricia
820 2827 879 2862 rnen
892 2811 1002 2862 llorere.
1012 2811 1056 2863 lib.
1066 2825 1092 2861 v.
1104 2825 1128 2861 c.
1138 2816 1162 2860 2.
1170 2815 1257 2860 cenret
1265 2809 1344 2860 initae

255 2895 344 2934 narrat
354 2886 468 2934 l'reitoa.
820 2888 951 2936 cohortem
965 2887 1082 2946 militnm,
1098 2886 1141 2948 qni
1156 2882 1279 2934 confertio
1299 2885 1344 2932 eti·

288 2959 294 2992 ¹
312 2961 545 3009 Germanicianorum
561 2961 779 3024 [Germanicorum]
820 2962 920 3025 pendlia
937 2963 1020 3010 edituo
1037 2960 1084 3009 aab
1096 2959 1195 3008 venillia
1206 2959 1345 3008 haberetur

254 3033 404 3082 Torrentiua
416 3034 440 3081 in
453 3033 552 3082 dnobus
566 3035 628 3082 Μιι.
639 3036 704 3096 legit
718 3037 778 3083 Ger·
819 3050 899 3100 aeque
913 3035 973 3085 darn
992 3034 1099 3097 premia
1109 3031 1197 3082 forent
1210 3033 1346 3094 arripnata,

254 3107 415 3156 montetum.
443 3109 538 3157 Eadem
551 3111 636 3158 oannle
645 3111 748 3160 Troltne
760 3125 779 3161 ι.
813 3111 891 3174 juxta
903 3111 969 3160 lnrne
977 3109 1060 3158 Teeiti
1076 3108 1158 3157 loeaar
1169 3123 1176 3155 ι
1194 3107 1246 3156 ‘ne
1257 3106 1344 3156 ‹limir-

254 3181 355 3232 Hiator.
387 3181 431 3238 tlt,
444 3183 538 3246 ntipse
550 3192 647 3245 narrat,
667 3185 692 3232 in
713 3186 779 3235 atrio
818 3187 852 3234 aia
873 3185 975 3249 quidem
994 3183 1069 3232 finem
1088 3193 1145 3230 eoae
1165 3181 1274 3241 militiae,
1297 3181 1343 3230 aed

254 3257 392 3319 libertatis,
402 3256 498 3320 lllyrici
510 3259 535 3306 ia
546 3259 647 3321 porticu
656 3260 777 3323 Vipsania
819 3261 886 3325 apnd
900 3262 1021 3311 reallloar
1032 3265 1146 3309 retentor
1157 3259 1207 3307 allo
1219 3257 1343 3308 vocabalo

255 3331 404 3382 tendebant.
438 3332 480 3382 De
498 3331 590 3397 qolbnr
608 3334 722 3385 edificii·
737 3351 778 3386 aa·
818 3337 922 3388 eoadem
935 3337 1036 3388 laborer
1046 3333 1178 3402 perferre)

255 3409 339 3470 prela
352 3409 418 3470 ling.
847 3413 954 3462 ¹Lacam
965 3413 1058 3474 Curtii]
1075 3411 1236 3460 Deeoorbie
1248 3410 1304 3460 loeo
1316 3411 1342 3459 in

287 3481 299 3514 ¹¹
320 3483 488 3548 Vexillatioae]
509 3485 595 3534 Liviae
607 3485 651 3534 lib.
662 3501 722 3536 van.
733 3489 778 3538 de·
818 3487 885 3550 Aeg.
904 3488 937 3536 ad
955 3501 1012 3550 cap.
1025 3491 1066 3537 tl.
1100 3487 1191 3535 Multis
1210 3485 1343 3534 consorano

256 3557 314 3606 ead.
327 3571 346 3606 r.
357 3559 478 3608 vexillum
491 3560 610 3610 lrrbnieaa
623 3566 679 3612 lea.
700 3563 777 3612 horai·
817 3571 857 3613 eet
870 3563 1028 3624 vulneribna,
1044 3577 1101 3626 qne
1114 3561 1231 3612 a'l'aeito
1242 3568 1269 3610 et
1280 3561 1342 3611 Pla·

255 3647 317 3682 nee:
334 3647 391 3683 enm
404 3647 473 3688 vero,
485 3634 576 3683 eadem
588 3643 702 3698 auctore,
721 3640 777 3700 qul·
818 3639 907 3688 tarolro
919 3636 975 3686 inae
989 3643 1181 3687 enumerantur.

253 3707 312 3757 darn
335 3715 421 3757 errent
448 3708 552 3758 ordinae
573 3710 655 3760 tribua
679 3715 778 3764 vexillis
849 3723 867 3748 ὓ
886 3715 1018 3775 Gregorius
1037 3715 1114 3776 milet]
1138 3712 1169 3761 ld
1189 3711 1222 3760 tle
1246 3710 1342 3762 Fabnlo

254 3783 464 3846 contrementes
477 3781 544 3832 sorte
553 3785 721 3836 vexillrtlooia
733 3801 776 3836 no·
817 3789 926 3854 quodam
937 3789 1112 3839 existimatum
1123 3787 1282 3848 ait'l'acitna
1298 3789 1342 3852 qni

252 3857 608 3922 mineSuetoaiuaexpreeait·
630 3860 777 3913 Certe'l'or·
817 3879 874 3914 enm
885 3863 1066 3919 absconderet,
1077 3863 1165 3926 janne
1182 3867 1223 3910 eet
1240 3861 1273 3911 ab
1285 3862 1342 3912 allia

253 3937 351 3985 reatino
365 3935 552 3985 vexillationern
570 3936 613 3984 hio
631 3937 709 3986 sumit
728 3953 775 4001 pro
817 3939 897 3988 linetae
908 3937 1051 4002 prefigere,
1067 3947 1094 3987 et
1106 3939 1143 3987 sia
1154 3936 1265 3987 deferre.

253 4009 429 4072 complexione
444 4009 553 4074 quadarn
573 4009 681 4073 pluriam
694 4013 776 4061 vexll·
846 4023 859 4047 ⁰
871 4013 950 4062 Horta
959 4012 1080 4078 ruffino]
1096 4013 1188 4062 Galate
1199 4018 1227 4061 et
1239 4013 1341 4064 Piroaio

253 4085 345 4140 loram,
369 4085 427 4134 ideo
449 4085 517 4148 qaod
536 4086 641 4135 Tacitus
661 4086 775 4137 ‘vexilla
815 4089 966 4152 capitolare
984 4087 1060 4138 modo
1077 4095 1180 4151 geatata
1197 4094 1258 4138 eant
1272 4087 1342 4140 inter

253 4157 424 4212 Germaniar'
443 4160 545 4212 dixerit.
584 4161 717 4212 Taraebaa
737 4170 775 4212 ta·
815 4163 923 4228 aquilea.
