3114 4828
240 293 304 360 tut
665 313 695 358 o.
718 309 896 360 sunnonn

240 449 324 515 dens
349 447 441 534 apud
473 449 601 514 Bostra
624 451 859 535 triumphantis
882 453 1010 529 habitu,
1033 453 1116 518 inter
1145 453 1240 536 signa
1262 454 1324 518 rsi-

238 551 353 615 litaria
379 559 479 635 atque
508 553 651 616 vexilla:
686 561 720 617 et
746 555 852 636 primo
878 574 940 637 per
968 554 1130 619 devexum
1160 555 1325 640 pulpitum

239 653 433 717 subeuntem
455 652 590 719 admisit
611 654 654 718 ad
685 673 805 736 genua,
836 655 1085 738 allevatnmqoe
1117 655 1235 720 dextra
1267 676 1324 721 er·
1385 679 1388 686 ’

238 753 411 817 osculatus
440 761 510 830 est;
558 753 635 817 dein
662 757 835 836 precanti,¹
872 757 955 819 tiara
981 752 1175 834 deducta,⁴i
1210 756 1325 820 diade·

239 850 317 917 mak
340 855 508 936 imposuit,
522 855 624 918 verba
649 855 813 938 supplicis
834 855 1050 938 interpretata
1073 859 1229 940 praetorio
1251 858 1325 922 viro

239 954 445 1018 multitudini
468 957 710 1037 pronuntiante.
754 956 955 1021 Perductum
978 958 1072 1022 inde⁵
1095 958 1130 1020 in
1155 959 1326 1029 theatrum,

240 1075 281 1120 ao
307 1075 419 1118 rursus
446 1056 701 1139 supplicantem,
726 1051 827 1140 juxta
850 1077 886 1122 se
916 1057 1019 1123 latere
1045 1056 1182 1124 dextro¹
1220 1060 1325 1124 eollo-

238 1158 340 1222 cevit.
384 1157 439 1219 Ob
464 1177 539 1246 qum
564 1157 747 1238 imperator
776 1159 1014 1234 consalutatus,
1049 1159 1165 1225 laurea
1196 1161 1231 1224 in
1262 1160 1327 1224 Ca·

238 1259 393 1341 pitolinm
405 1267 425 1294 ¹³²
446 1259 525 1322 lata.
567 1257 690 1322 Janum
706 1261 894 1340 geminumn
916 1261 1044 1338 clausit,
1061 1268 1219 1345 tanquam
1233 1262 1325 1325 nullo

238 1357 372 1423 residuo
397 1358 513 1424 bello.⁶‘
553 1359 635 1442 [ta]
672 1359 881 1444 Consulatus
915 1363 1074 1443 quatuorl
1103 1365 1232 1443 gessit:
1261 1363 1326 1447 pri·

240 1477 331 1523 mum
364 1461 581 1538 bimestrem,⁷
620 1459 806 1525 seeundum
830 1466 863 1524 et
891 1459 1110 1526 novissimum
1137 1469 1326 1540 semestres,

694 1625 721 1645 η
725 1625 825 1646 nullo
829 1626 855 1644 u
859 1625 869 1643 θ

239 1739 326 1788 snite.
339 1738 413 1787 deest
422 1739 486 1802 Cop.
496 1738 688 1788 mmelihsbent
700 1737 776 1786 vind.
787 1741 811 1787 2.
820 1737 933 1800 Con-t
945 1738 1039 1788 Deinde
1047 1753 1111 1801 pree.
1123 1737 1203 1788 vind.
1211 1743 1236 1790 8.
1247 1742 1327 1804 depre·

238 1804 304 1852 conti
319 1804 375 1851 sine
392 1803 446 1851 dein
463 1801 529 1851 Edd.
548 1803 669 1852 Rom-t
685 1801 797 1851 Diurium
814 1801 938 1851 deductum
955 1803 1061 1852 Memno.
1081 1803 1156 1854 Hnls.
1177 1805 1241 1868 Cop.
1254 1807 1326 1854 Voss.

239 1866 296 1929 Cuj.
309 1866 376 1916 Duo.
386 1866 484 1915 Medio.
496 1870 519 1917 8.
532 1866 597 1916 Edd.
609 1867 683 1916 Rom.
693 1866 795 1914 diarium
806 1879 909 1928 quoque
925 1866 1016 1930 reliqui
1033 1866 1129 1915 Medio.
1146 1867 1233 1918 tiorum
1242 1869 1328 1918 Μεκ-

239 1933 289 1978 tom
301 1930 385 1979 Petis.
397 1929 510 1978 Heriem.
522 1929 587 1978 Edd.
596 1931 656 1980 Sab.
668 1930 738 1979 Med.
750 1944 789 1992 pr.
805 1929 878 1978 Cald.
895 1929 991 1978 dionem
1001 1932 1123 1980 deductum
1134 1932 1214 1982 Forte.
1237 1933 1325 1982 Burni.

238 2007 271 2041 an
283 1993 411 2042 exciderit
421 1999 482 2056 port,
491 1994 559 2043 Oud.
570 2008 613 2055 per
623 1994 800 2042 dubitent-⁶
820 1992 862 2040 lta
872 1993 977 2042 Menum.
988 1994 1085 2044 Medio.
1096 1995 1175 2044 Polit.
1189 1995 1254 2045 Edd.
1265 1997 1328 2046 Bar.

238 2055 328 2104 Pleni.
341 2058 373 2105 el.
385 2056 532 2120 probantib.
544 2057 616 2106 0nd.
627 2059 688 2106 Ern.
700 2058 777 2118 vulg.
788 2057 879 2106 deinde.
896 2057 960 2106 Voe.
969 2058 1071 2120 ignoret
1081 2059 1164 2108 Petis
1175 2059 1289 2108 Heriem.
1300 2070 1327 2110 et

238 2119 306 2169 de.
318 2120 392 2169 Vett.
403 2121 466 2168 enim
476 2119 553 2168 Vind.
567 2125 630 2170 l-tt
648 2122 756 2183 Recepit
764 2121 874 2183 Beumg.
886 2123 1091 2171 emendationem
1103 2123 1205 2181 Feiirni,
1215 2124 1287 2172 'l'orn
1299 2133 1329 2174 et

239 2184 311 2245 Lipe.
323 2184 452 2246 plerisque
465 2185 609 2246 probatem,
625 2199 671 2246 pro
686 2186 747 2234 leet.
767 2185 835 2246 vulg.
848 2189 897 2234 lom
913 2186 976 2233 nullo
991 2201 1060 2248 emm
1076 2201 1123 2236 m.
1142 2187 1210 2245 tello,
1221 2202 1236 2235 a
1246 2187 1328 2237 Gron.

239 2254 339 2296 mutate
361 2249 386 2296 in
398 2247 452 2306 jorn
470 2249 534 2296 nullo
554 2248 621 2310 mosi
638 2263 683 2297 res.
703 2250 747 2298 tel.
765 2247 873 2298 Cnsenb.
893 2250 1179 2311 contaminemus
1200 2257 1248 2300 tour
1264 2254 1327 2301 asim

255 2325 304 2361 Λ.
325 2312 347 2360 b.
364 2312 433 2362 0ud.
450 2327 495 2360 non
513 2317 562 2360 tom
580 2313 643 2361 aelle
675 2328 723 2360 .r.
744 2312 767 2360 t.
800 2312 833 2360 ln
849 2311 898 2360 Ed.
916 2311 997 2364 Jonk.
1014 2319 1064 2362 tunt
1081 2315 1144 2362 nullo
1163 2329 1326 2377 sequestres.

238 2325 283 2424 let.
315 2374 453 2438 dongende
470 2375 527 2425 hero
539 2327 690 2440 superiorila
722 2375 819 2437 virgula
836 2377 959 2437 postlata
975 2376 1070 2441 posita)
1087 2386 1239 2427 monuerunt
1253 2379 1327 2428 Torr.

239 2439 351 2490 cneus.
375 2441 477 2503 aliique,
496 2447 524 2488 ut
550 2447 577 2488 et
603 2439 686 2489 edidit
706 2374 775 2488 liud.
800 2439 866 2488 Edd.
889 2441 961 2490 Vett.
988 2448 1084 2504 praeter
1104 2441 1194 2502 Steph.
1217 2442 1277 2491 Bes.
1299 2452 1327 2492 et

238 2515 310 2567 seqq.
336 2517 395 2552 nor.
413 2517 471 2567 erp.
489 2503 617 2566 incipiunt
638 2518 653 2552 a
676 2503 772 2552 donum.
791 2504 851 2566 an.
872 2503 929 2553 Tum
953 2505 979 2553 in
1003 2505 1101 2554 illu-l
1127 2505 1224 2554 Medic.
1250 2510 1274 2554 1.
1302 2509 1326 2555 8.

239 2567 304 2632 Cep.
329 2567 485 2632 bimenstrem,
516 2575 543 2618 et
569 2581 629 2616 mox
654 2573 791 2618 umenstret
813 2573 841 2618 et
864 2569 1073 2632 praematuram
1099 2569 1206 2620 llemm.
1230 2569 1326 2620 Medio.

731 2713 840 2764 NOTAE

271 2810 279 2844 l
297 2809 369 2860 itm
378 2809 487 2872 deductu]
508 2810 575 2860 llere
585 2810 679 2874 eapitis
689 2824 763 2860 orut-
802 2818 1007 2874 supranotatum
1019 2811 1045 2860 in
1057 2811 1164 2863 Claudio
1176 2812 1208 2862 sd
1219 2827 1276 2876 cap.
1287 2817 1329 2864 84.

239 2892 352 2936 mentum
365 2894 406 2935 est
417 2886 504 2934 Persis
515 2893 543 2934 et
557 2885 685 2949 Phrygiis,
696 2886 763 2935 unde
803 2885 942 2935 Theatrum
954 2885 994 2934 ltic
1006 2886 1121 2948 intellige
1134 2887 1329 2952 Pompeianum,

240 2969 269 3009 et
280 2960 428 3008 sacerdotes
439 2961 541 3024 quidam
559 2960 666 3010 Romani
678 2977 691 3010 ι
701 2963 764 3011 Tro·
803 2959 871 3025 quod
884 2959 955 3008 Nero
966 2959 1014 3009 ltso
1025 2959 1058 3008 de
1073 2975 1151 3010 ostrea
1161 2961 1326 3023 operiendum

236 3033 586 3096 jsoisortilteentebantnr.
605 3034 765 3088 Juvensat.
806 3049 868 3084 euro
888 3033 1011 3097 jusserat,
1037 3043 1143 3086 auctore
1168 3037 1255 3088 Plinio
1282 3039 1328 3088 lib.

241 3121 283 3158 vr.
302 3123 340 3157 vr.
359 3111 416 3157 ⁶1⁵.
431 3109 491 3158 ‘oni
511 3122 590 3157 renea
607 3111 706 3171 colion,
723 3112 765 3160 eui
806 3123 911 3160 xxxin.

240 3187 365 3246 tympana
380 3181 475 3232 cedunt
489 3182 604 3236 plebeia.
615 3191 643 3231 et
655 3183 766 3248 Phrygis
838 3193 856 3220 ¹¹
872 3186 966 3238 Laurea
975 3187 1001 3236 is
1010 3186 1164 3254 Capitolium]
1175 3189 1329 3242 Quodsten·

241 3259 350 3307 vertitur
362 3258 444 3307 bitena
455 3257 538 3307 tiara!
552 3259 660 3308 rotunde
671 3269 765 3325 etque·
805 3267 833 3311 te
849 3261 993 3324 Republica
1004 3262 1076 3312 licuit
1090 3265 1208 3314 omnibus
1223 3265 1267 3329 qni
1279 3265 1329 3314 lm-

240 3333 261 3382 ti
273 3333 372 3395 sphera
384 3333 469 3384 medie
478 3333 567 3396 eapitis
579 3335 678 3398 apicem
691 3349 765 3398 eper-
806 3346 940 3400 peratorer
962 3338 1115 3389 consalutati
1144 3337 1263 3390 fueraut:
1296 3341 1330 3389 de

240 3417 296 3458 tnm
308 3409 479 3473 relinquebat,
490 3409 559 3460 unde
569 3419 596 3460 et
605 3413 693 3461 lunate
704 3411 766 3462 diei·
805 3427 856 3476 quo
867 3413 950 3462 adhue
962 3411 1029 3462 inire
1040 3413 1065 3461 in
1077 3414 1226 3464 Domitiano
1237 3428 1294 3476 cop.
1306 3419 1330 3464 6.

239 3491 284 3534 tur
294 3499 310 3532 a
325 3484 450 3533 Sidonio:
470 3488 479 3512 ⁸
493 3484 585 3534 Flectit
597 3486 766 3536 Achemenis·
838 3495 850 3520 ⁰
873 3487 1110 3550 dominumtuum]
1127 3486 1168 3536 Ab
1187 3488 1225 3538 liis
1243 3490 1329 3538 verbis

240 3559 354 3610 lonetmn
364 3558 444 3608 Perse
453 3560 567 3610 tiatsmz'
578 3561 620 3610 nbi
630 3569 692 3612 note
702 3577 768 3612 mss·
806 3572 886 3626 ceput
903 3575 1011 3626 sequens
1029 3562 1193 3626 inceperunt,
1211 3564 1253 3627 qui
1266 3563 1330 3613 Sne·

240 3635 325 3686 culino
336 3647 437 3698 qnoque
449 3647 542 3698 genere
558 3633 644 3686 efferri
655 3652 670 3686 a
682 3638 764 3700 Virgi-
804 3639 901 3686 tunium
913 3637 1063 3686 distinxere.
1097 3637 1221 3686 Restituit
1234 3639 1330 3688 Cesso·

240 3709 275 3758 lio
294 3709 338 3758 lib.
356 3721 406 3756 vu.
426 3715 627 3773 ‘sceptrumque
639 3725 764 3776 sacerque
803 3712 927 3762 bonores
940 3713 1038 3777 optimo
1054 3712 1210 3762 Viterbieosi
1229 3715 1330 3778 codiee,

239 3783 339 3836 dares!
804 3801 854 3838 non
875 3788 980 3852 quidem
999 3788 1124 3837 distinato
1145 3788 1281 3851 capitibus.
1303 3791 1329 3838 tn

271 3857 285 3894 ἱ
302 3855 429 3920 Diodoro]
446 3855 522 3910 Quod
537 3859 562 3908 in
582 3859 704 3910 Armenia
720 3862 765 3912 de·
804 3877 855 3928 quo
866 3869 952 3914 temen
963 3862 1113 3928 quibusdam
1134 3863 1159 3912 in
1176 3863 1239 3914 loeis
1256 3879 1329 3928 prro·

239 3941 371 3998 possent,
389 3934 487 3984 nonnisi
507 3934 618 3985 Neronis
635 3951 712 3986 manu
724 3951 763 3988 re·
805 3938 896 4002 graphi
908 3937 985 3988 minio
995 3937 1077 3986 notati
1090 3937 1213 3988 viseretur.

239 4008 399 4058 sumendum.
413 4008 522 4059 Tacitus
533 4010 636 4060 ibidem.
837 4021 847 4068 t
866 4012 899 4063 Α.
910 4013 943 4064 U.
955 4012 986 4064 C.
997 4015 1053 4062 888.
1071 4015 1129 4064 810.
1146 4015 1202 4064 811.
1214 4016 1272 4066 stt.

273 4079 382 4134 ¹lutere
401 4083 497 4148 dextro]
531 4085 713 4152 florentiore,
735 4093 763 4138 ot
