3104 4830
678 389 803 438 uirus.
1218 381 1283 449 1147

197 533 252 596 lris
265 529 309 594 A·
325 528 511 595 Gaeoinam¹
525 529 734 596 consularem
751 531 868 609 virum,
882 536 1062 608 voeatnm⁸
1082 535 1123 602 ad
1139 556 1281 619 ooeuam,
1393 589 1398 604 .

197 650 239 696 ae
254 630 391 696 vixdum
407 630 551 695 triclinio
566 647 745 712 egressuro,
761 631 896 698 confodi
910 633 1036 716 jussit:
1058 657 1137 702 sane
1150 647 1290 721 urgente·

197 730 488 806 discriminemus
508 731 610 796 etiam
624 731 871 815 chirographum
886 735 957 818 ejus
976 745 1171 820 praeparatae
1190 741 1283 822 apud

196 831 321 894 milites
341 829 570 895 oonrrinnis⁹¹n
590 829 870 912 deprehendisset.
915 832 1046 913 Quibus
1068 838 1169 904 rebus
1192 839 1284 905 sicut

196 934 229 995 in
251 939 419 1014 posterum
442 930 642 994 securitati¹⁰
667 931 749 995 satis
774 934 937 1009 novitiis
958 935 1284 1022 adpraesensplnri·

195 1047 286 1094 mum
300 1029 467 1096 contraxit
481 1028 634 1092 inridier
665 1033 788 1093 utnon
811 1037 933 1097 temere
951 1033 1027 1115 quis
1052 1043 1119 1100 tam
1142 1037 1290 1103 adverso.

194 1139 348 1208 rumore,¹
372 1130 544 1211 magisque
565 1131 677 1194 invitis
695 1131 860 1209 omnibus,
876 1135 1045 1199 transierit
1060 1135 1103 1198 ad
1119 1136 1283 1220 prinoipe-

195 1239 277 1295 tum.
321 1231 381 1315 [7.]
402 1230 530 1295 Praeter
544 1231 707 1294 smvitinm
722 1237 907 1312 suspecte*
926 1233 961 1296 in
976 1251 1018 1299 eo
1032 1234 1133 1299 etiam
1148 1235 1282 1301 luxurie

194 1340 275 1408 erat,
298 1332 386 1415 qnod
412 1331 456 1396 ad
481 1331 622 1398 medium
650 1338 784 1396 noctem
808 1332 1087 1400 comissationes¹²
1109 1354 1185 1399 cum
1201 1355 1282 1419 pro·

190 1431 366 1496 fusissimo
396 1451 528 1516 quoque
565 1431 776 1495 familiarium
814 1433 1020 1498 extenderet.
1066 1433 1140 1500 Nee
1170 1436 1281 1500 minus

194 1532 308 1609 libido,
324 1540 459 1616 propter
471 1533 697 1598 exoletorum¹
723 1537 757 1596 et
779 1533 968 1615 spadonum
985 1553 1112 1618 greges,
1128 1542 1278 1619 propter·

195 1651 262 1714 que
274 1633 434 1716 insignem
448 1633 572 1715 regium
589 1632 814 1698 Berenices⁴⁰
834 1653 992 1713 amorem,
1008 1635 1064 1700 eni
1078 1637 1180 1701 etiam
1198 1653 1282 1720 nup·

642 1827 826 1851 cremonen

194 1967 267 2009 munt
279 1961 342 2010 Mu.
355 1961 471 2024 plerique
482 1966 510 2009 et
521 1958 589 2011 Edd.
604 1959 676 2009 vett.
703 1959 814 2008 Alienum
826 1959 954 2009 Ceeieenre
970 1960 1060 2010 mallet
1078 1961 1108 2010 ll
1129 1975 1149 2012 ι.
1175 1961 1282 2025 censen

194 2023 273 2073 vind.
285 2027 309 2072 1.
337 2025 472 2074 ceam
483 2023 551 2074 eod.
561 2022 733 2086 preserved.
745 2028 769 2072 1.
803 2022 887 2074 Abest
897 2024 976 2072 eirene
986 2023 1090 2074 ePollt.
1103 1975 1182 2074 leone.
1192 2027 1282 2089 etqui·

194 2086 300 2136 bnederu
311 2087 385 2137 Torr.
401 2089 457 2149 ipen
470 2089 654 2150 prebente-8
673 2085 771 2135 Voeeeit
782 2086 849 2136 Edd.
866 2087 976 2137 merob.
995 2091 1067 2136 161⁰.
1084 2087 1179 2138 Sohild.
1202 2089 1282 2139 eede-

195 2158 236 2199 ert
248 2151 361 2200 llerlem.
381 2152 445 2200 llos
456 2165 536 2215 mog.
548 2157 578 2202 nt
607 2151 693 2210 urim,
701 2149 798 2200 Medic.
809 2154 833 2199 ⁸.
845 2149 923 2199 vind.
935 2153 1009 2199 i.-⁹
1026 2149 1069 2199 lte
1081 2164 1129 2212 pro
1142 2151 1210 2214 vulg.
1227 2167 1282 2202 eeu-

188 2213 319 2272 J'eretieeie
329 2229 344 2264 e
354 2214 437 2264 Cndd.
447 2215 578 2264 reserilreu
598 2248 605 2264 .
618 2220 774 2263 censuerunt
789 2211 851 2276 Goj.
869 2213 979 2264 Cereali.
990 2213 1062 2264 Dnlr.
1075 2214 1159 2264 Parin.
1171 2215 1282 2280 reearip·

194 2285 283 2326 serunt
295 2278 357 2328 Ero.
369 2277 440 2327 Oud.
456 2287 484 2328 et
499 2292 545 2343 req
567 2312 573 2326 .
591 2291 649 2326 eurn
661 2276 818 2340 Pollucem.
837 2275 911 2326 llnle.
929 2283 958 2327 et
971 2291 1039 2326 marr.
1058 2279 1128 2328 dont.
1146 2278 1179 2328 ed
1199 2293 1281 2343 marg.

193 2339 295 2403 Gryplr.
316 2341 430 2390 contionis
441 2343 545 2392 Merum.
589 2340 656 2390 edie.
667 2344 691 2390 1.
715 2340 845 2390 mersu
861 2340 959 2392 Medio.
972 2344 1060 2390 1.-10
1075 2341 1218 2392 Sardinia
1226 2343 1281 2394 Me·

194 2405 244 2452 die.
256 2407 280 2454 1.
296 2404 374 2453 vind.
391 2409 415 2453 1.
437 2405 507 2454 Delu
526 2405 603 2454 traxit
622 2403 690 2454 Edd.
705 2404 778 2454 Med.
790 2404 857 2454 Ven.
876 2404 988 2454 Bou-l
1008 2405 1114 2454 Adsere·
1132 2419 1158 2454 re
1178 2405 1279 2456 viterb.

194 2465 257 2514 Liri.
269 2465 366 2516 llledle.
379 2471 402 2515 1.
414 2471 438 2518 1.
453 2468 525 2517 Dun.
537 2468 614 2516 Vind.
626 2471 651 2516 1.
661 2466 717 2518 Pel.
731 2471 753 2516 1.
764 2467 839 2516 Voss.
848 2467 914 2530 Cep.
925 2467 984 2530 Coj.
997 2467 1113 2517 llerlem.
1128 2468 1202 2518 llnle.
1212 2468 1280 2520 Edd.

194 2529 266 2579 Med.
277 2530 342 2580 Ven.
356 2529 431 2580 (laid.
444 2532 508 2581 Bon.
527 2530 601 2581 Jnnt.
619 2530 702 2592 lauqd.
715 2529 778 2591 Arg.
796 2529 858 2580 Ald.
875 2530 966 2594 Steplr.
983 2545 1065 2580 suern
1076 2531 1152 2580 vind.
1170 2535 1194 2581 2.
1208 2533 1280 2582 Cort.

194 2591 272 2641 Fene.
297 2595 394 2642 dunen
404 2609 467 2644 erere
478 2592 575 2644 Medio.
585 2596 610 2642 ³.
631 2596 731 2641 adseres
741 2592 791 2641 Ed.
803 2593 894 2656 Cemp.
906 2593 997 2642 Barth.
1011 2591 1078 2641 Adr.
1088 2605 1168 2652 rurrr.
1180 2598 1203 2642 1.
1221 2609 1280 2657 prn-

193 2653 247 2706 t⁴ert
257 2658 356 2704 odones
366 2657 456 2718 reputt.
467 2665 494 2705 et
506 2657 544 2705 lte
554 2669 621 2704 corr.
632 2656 668 2704 Ie.
679 2655 754 2704 Vere.
772 2653 843 2704 Men.
854 2653 925 2707 doct.
937 2657 964 2704 in
975 2669 1020 2704 ors
1032 2657 1120 2714 Steplr.
1132 2657 1281 2708 edeam

192 2735 240 2768 ere.
274 2718 337 2767 Mox
346 2720 423 2784 *καεὶς
433 2733 502 2781 quera
518 2717 596 2768 Vind.
607 2721 682 2767 2-2
700 2717 837 2780 Sumpta
854 2731 921 2768 men.
943 2718 1013 2768 doot.
1033 2718 1059 2766 in
1078 2717 1127 2768 Ed.
1145 2719 1235 2782 steph.
1253 2727 1281 2770 et

193 2782 261 2830 hene
272 2783 333 2830 leet.
345 2781 444 2830 invenit
461 2783 487 2831 iu
498 2781 549 2830 euin
559 2780 649 2831 Bertlr.
681 2779 747 2828 Tum
759 2781 824 2828 Μιι.
836 2782 949 2844 plerique
961 2788 988 2828 et
1006 2778 1072 2829 Edd.
1087 2782 1160 2830 Vett.
1172 2781 1280 2845 elieque

191 2856 288 2894 amere.
305 2849 333 2893 et
355 2858 473 2894 mamae.
493 2851 520 2894 nt
539 2845 641 2908 septus.
670 2842 751 2906 Snprn
769 2843 840 2892 etium
858 2843 883 2893 ie
901 2859 927 2892 ee
945 2843 1023 2892 vind.
1037 2846 1108 2893 1.-e
1126 2843 1282 2894 Imittur-ree

193 2908 292 2957 Medio.
304 2911 328 2955 2.
342 2921 357 2954 e
369 2921 402 2956 nr.
413 2922 452 2970 pr.
461 2908 537 2956 Vere.
570 2908 634 2956 Mox
643 2911 741 2970 propter·
756 2906 829 2968 ineis.
846 2905 923 2955 vind.
941 2913 1059 2971 uterque,
1071 2907 1189 2956 cora-e
1206 2908 1280 2959 Bere·

194 2973 256 3021 eleis
266 2971 372 3022 Mamm.
382 2971 478 3020 Medio.
498 2977 520 3019 1.
532 2975 556 3018 1.
567 2971 632 3032 cop.
666 2968 698 3018 ln
706 2969 809 3033 reliquie
821 2970 884 3019 Mer.
895 2976 924 3020 et
934 2970 1002 3022 Edd.
1013 2971 1085 3021 Vett.
1097 2971 1159 3020 item
1170 2971 1280 3022 Cemnb.

192 3033 386 3086 SehildAEurru.
397 3035 574 3086 Berueieeerel
585 3033 720 3086 Berenicis·
745 3034 866 3086 Beroald.
884 3034 1006 3086 Bernices.
1037 3035 1105 3084 Delu
1123 3035 1212 3085 euulet
1225 3041 1281 3086 ete

679 3178 787 3232 ΝΟΜ

227 3273 234 3308 ¹
252 3276 380 3339 cedem]
395 3273 445 3326 Qui
456 3275 653 3325 Vitellianarum
665 3273 716 3324 dna
755 3275 855 3332 muer,
867 3279 897 3323 et
907 3285 966 3330 mox
978 3273 1123 3324 Berenices:
1139 3275 1177 3324 ele
1187 3275 1280 3339 seriptl

195 3350 316 3414 partium,
342 3350 375 3400 ed
403 3349 590 3413 Vespasianum
621 3347 718 3399 delenit
756 3363 814 3398 enm
839 3348 938 3398 Greele
966 3347 1158 3397 ennuntientee
1183 3349 1280 3412 Dione,

195 3423 264 3486 apud
296 3424 462 3474 cremonem
489 3425 516 3473 iu
536 3425 617 3486 Vesp.
648 3436 673 3472 e.
692 3427 717 3472 1.
754 3423 879 3487 Joeeplro,
895 3423 959 3472 eills.
982 3421 1111 3472 cerum.
1143 3421 1209 3472 line
1228 3421 1281 3472 tilis

193 3499 303 3550 Cenum
315 3498 434 3550 Aurelius
445 3500 534 3550 Victor
550 3499 613 3550 dielt
630 3497 717 3561 inbre,
755 3496 806 3547 tuit
818 3496 942 3560 Agrippa
959 3495 1053 3559 megel,
1069 3495 1113 3559 qni
1132 3509 1165 3546 ex
1183 3494 1280 3548 Ariete·

192 3573 363 3637 suspicionem
380 3581 504 3637 stuprate
521 3573 553 3624 eir
571 3587 603 3623 ee
620 3573 716 3638 regine
756 3573 817 3625 bulo
830 3568 1134 3636 nepoellerodlemegnl.
1161 3573 1278 3636 Despon-

193 3648 342 3698 Berenicen.
756 3649 832 3699 detur
853 3649 946 3699 Mereo
970 3645 1110 3697 Alexandri
1133 3647 1278 3710 Lyelerselrl

227 3731 245 3757 ¹²
261 3722 584 3787 ommittimus]
604 3723 715 3774 cernui.
756 3725 824 3774 filios
841 3729 960 3790 queunte
970 3722 1074 3787 nuptiee
1085 3719 1216 3777 defuneto,
1228 3722 1280 3771 enl-

194 3799 716 3864 exmelioribuelibrieemendeteoreloeie,
756 3801 857 3850 loentur
875 3799 976 3850 lleredl
995 3803 1087 3862 petron
1106 3797 1161 3860 repl
1179 3795 1281 3846 melei·
1326 3811 1328 3816 ⁸

194 3873 323 3937 womodo
337 3880 366 3922 et
383 3873 409 3922 iu
426 3874 582 3923 Semurium
591 3875 715 3938 seriptum
757 3874 804 3924 die.
837 3874 931 3938 Neque
949 3873 994 3921 diu
1012 3872 1089 3936 holus
1100 3885 1201 3935 quoqne
1218 3883 1278 3918 een-

195 3948 452 3998 testeturflelrildior.
528 3993 531 3998 r
752 3949 820 4012 jugli
839 3947 965 3997 fellnltete
984 3947 1055 3996 selae
1082 3958 1135 4001 nee,
1163 3949 1190 3992 et
1209 3943 1279 4006 epod

227 4029 240 4056 ¹
258 4023 449 4088 Comum]
463 4023 502 4074 De
513 4022 552 4072 lrie
562 4023 618 4087 jere
635 4023 662 4073 ln
672 4023 714 4073 Vl·
755 4022 861 4074 fratrem
872 4027 1037 4082 eernmorete,
1046 4018 1171 4070 ceemee
1181 4031 1238 4066 eum
1248 4031 1279 4066 eo

195 4097 337 4147 telleia.
587 4121 590 4128 ·
755 4097 865 4147 Paulum
882 4093 1035 4158 Apostolum
1054 4091 1134 4152 rudit,
1151 4096 1179 4141 et
1193 4091 1226 4140 ob
1243 4089 1280 4141 ie·

226 4178 239 4202 ·
256 4169 383 4220 Bnenlcee
399 4169 550 4235 [Beronices]
567 4170 656 4222 Scribe
667 4169 716 4220 Be·
755 4169 929 4222 milierltetenr
946 4168 1049 4220 ululent
1066 4181 1124 4218 oum
1143 4165 1224 4217 iretre
1240 4166 1278 4216 in·
