3118 4852
587 371 617 416 r.
640 367 822 418 rsansrrr
847 369 946 448 vrrs.
1060 393 1065 400 ·
1219 323 1304 420 1117

237 507 241 516 “
314 507 464 588 Quomm
478 527 580 593 opera
592 511 627 574 in
642 511 744 588 bello,
761 511 792 576 in
806 513 889 590 otio,
904 513 939 576 in
953 511 1092 594 negotio,

311 612 380 676 Suo
393 614 534 694 quisque
548 619 789 696 temporeneas
805 616 941 680 estsine
956 613 1124 695 superbia.

228 709 370 776 Videtur
385 721 496 777 eutem
511 715 664 778 salerius
678 715 875 794 defendisse,
892 716 973 798 quia
988 715 1127 788 sciebat,
1147 711 1253 778 helio
1268 719 1304 776 et

228 809 373 894 Scipioni
399 832 464 876 nou
479 814 637 896 ingratam
656 835 731 880 osse
755 815 840 898 haue
864 817 1073 899 opinionem:
1094 833 1170 898 qure
1194 819 1304 878 tamen

227 913 331 992 magis
361 921 396 976 et
430 933 536 997 nsque
566 916 609 978 ad
637 917 821 998 posteriora
844 923 992 1000 tempora
1017 916 1130 982 valuit
1175 913 1237 997 [3.]
1259 913 1306 993 Q·

227 1009 407 1076 Memmius
431 1015 466 1077 in
491 1016 642 1079 oratioue
665 1035 726 1098 pro
747 1036 785 1080 se
800 1017 867 1081 ait:
900 1016 963 1080 ‘P.
986 1013 1176 1091 Africanus,
1199 1014 1257 1097 qui
1282 1033 1303 1078 a

226 1111 383 1178 Terentio
397 1131 571 1198 personam
586 1123 768 1195 mutuatus,
790 1136 867 1202 qnae
891 1118 979 1182 domi
996 1118 1116 1182 luserat
1141 1118 1224 1200 ipse,
1245 1135 1305 1180 no·

227 1215 312 1278 mine
325 1215 414 1280 illius
430 1219 461 1280 in
476 1236 606 1280 scenam
618 1217 758 1282 detulit!
802 1217 918 1302 Nepos
933 1223 1066 1282 anctore
1081 1216 1194 1281 certo⁶
1216 1235 1306 1282 com·

227 1315 352 1397 perisse
367 1336 404 1379 se
418 1317 475 1393 nit,
489 1315 527 1379 C.
543 1315 684 1380 Laelium
707 1316 872 1399 quondam
890 1316 921 1378 in
938 1316 1123 1380 Puteolano
1138 1314 1304 1380 Kalendis

228 1415 360 1480 Martiis
385 1416 585 1480 admonitum
600 1418 643 1481 ab
666 1435 782 1493 uxore,
803 1416 987 1499 temporius
1012 1423 1048 1480 ul
1073 1416 1304 1496 discumberet,

227 1515 363 1598 petiisse
378 1517 421 1581 ab
436 1535 487 1594 ee,
503 1535 545 1579 ne
559 1517 834 1599 interpellaretur:
856 1517 962 1580 serius
977 1517 1109 1582 tandem
1122 1518 1305 1598 ingressum
1378 1599 1384 1610 Ι

227 1616 401 1681 triclinium
418 1616 556 1694 dixisse,
570 1635 638 1680 non
653 1634 745 1700 saepe
755 1617 974 1680 inscribendo
985 1617 1089 1698 magis
1100 1619 1306 1680 successisse

227 1716 313 1780 sibi:
328 1717 444 1781 deinde
455 1725 618 1800 rogatum,
633 1724 670 1782 ut
681 1717 807 1800 scripta
821 1717 880 1781 illa
891 1716 1059 1799 proferret,
1073 1718 1306 1800 pronuntiasse

227 1833 354 1891 versus,
369 1817 425 1898 qni
441 1818 563 1880 suntin
578 1815 949 1880 Heautontimorumeno
966 1839 974 1876 ι

270 1916 364 2008 ¹Salis
388 1917 444 1998 pol
459 1923 609 1999 proterve
623 1935 675 1979 me
698 1916 772 1999 Syri
797 1918 960 1999 promissa
974 1917 1040 1980 bne
1055 1917 1264 1983 induxemnt.

269 2014 329 2098 [4.]
352 2016 495 2082 Santra⁷
516 2017 707 2080 Terentium
722 2017 904 2093 existimat,
925 2019 954 2081 si
977 2016 1078 2082 modo
1091 2017 1308 2080 inscribendo

228 2115 439 2198 adjutoribus
462 2117 649 2198 indiguerit,
673 2136 740 2180 non
754 2123 819 2181 tam
836 2117 992 2201 Scipione
1007 2123 1041 2182 et
1055 2118 1159 2182 Laelio
1178 2120 1225 2180 uti
1248 2135 1309 2198 po·

227 2216 342 2292 tuisse,
357 2218 415 2300 qui
428 2223 506 2282 tune
521 2217 759 2282 adolescentuli
780 2219 881 2296 inere,
906 2237 1006 2300 quam
1032 2216 1182 2299 Sulpicio
1197 2215 1309 2292 Gallo,

229 2314 361 2379 bomine
380 2315 491 2394 docto,
514 2317 622 2398 etqui
645 2317 894 2382 consularibus⁸
928 2317 1019 2380 ludis
1041 2316 1170 2380 initium
1195 2315 1308 2379 lecerit

228 2415 415 2479 fabularum
431 2417 633 2482 dandarum:
658 2417 709 2481 vel
727 2414 771 2494 Q.
789 2416 895 2482 Fabio
911 2415 1078 2492 Labeone,
1101 2421 1134 2479 et
1149 2413 1199 2477 Μ.
1241 2413 1307 2476 Po·

230 2516 348 2596 pillio,⁹
378 2517 546 2580 consulari
576 2523 728 2598 ntmque,
763 2536 803 2580 ee
836 2516 949 2598 polita.
996 2515 1079 2578 ldeo
1097 2516 1208 2596 ipsum
1242 2531 1310 2576 nou

223 2615 364 2696 juvenes
386 2615 587 2696 designasse,
608 2617 715 2699 quise
738 2614 942 2695 adjuvisse¹⁰
962 2613 1167 2690 dicerentur3
1188 2612 1245 2674 sed
1259 2612 1309 2675 ri-

228 2733 294 2789 ros,
318 2734 455 2796 quornm
480 2732 616 2794 operam
638 2720 671 2775 et
690 2711 838 2788 labello,
862 2721 896 2775 et
916 2712 952 2775 in
976 2713 1059 2787 otio,
1083 2711 1163 2774 etin
1178 2711 1310 2791 negotio

229 2812 376 2894 populus
409 2814 454 2876 sit
475 2819 647 2893 expertus.
690 2810 776 2874 Post
808 2811 916 2874 editas
945 2809 1137 2884 comoedias,
1163 2808 1310 2870 nondum

229 2914 379 2994 quintum
394 2918 493 2992 atque
509 2912 709 2976 tricesimum
725 2929 876 2990 egresstm
887 2929 1015 2985 annum,
1030 2927 1134 2972 cansa
1147 2905 1309 2971 evitandae

230 3012 405 3093 opinionis,
421 3013 522 3094 quia¹
547 3011 719 3075 videbatur
735 3010 843 3074 aliene
865 3028 926 3092 pro
948 3010 1018 3072 suis
1033 3009 1140 3082 edere,
1157 3026 1217 3070 seu
1238 3024 1310 3088 per·

230 3111 373 3194 cipiendi
400 3111 591 3175 Graecornm
614 3111 777 3184 instituta,
801 3129 985 3192 moresque,
1000 3128 1086 3191 quos
1106 3106 1239 3190 perinde
1253 3123 1312 3168 ex·

230 3212 383 3292 primeret
397 3212 430 3273 in
454 3211 600 3293 scriptis,
615 3229 768 3293 egressus
787 3209 914 3273 Urbem
940 3215 1016 3284 est,¹
1038 3227 1146 3292 neque
1168 3201 1309 3287 amplius

230 3308 338 3373 rediit.
382 3309 436 3373 De
451 3318 555 3373 morte
569 3310 644 3392 ejus
659 3309 835 3374 Volcatius
851 3307 965 3372 tradit:

336 3407 402 3471 Sed
426 3419 465 3471 nt
479 3407 560 3472 Afer
584 3427 645 3472 sex
659 3410 789 3492 populo
805 3409 909 3473 edidit
923 3405 1118 3481 comoedias,

336 3509 405 3573 Iter
418 3509 495 3574 bine
507 3511 541 3572 in
554 3509 673 3572 Asiam
687 3508 779 3573 lecit.
824 3507 948 3571 Navim
964 3525 1041 3569 eum
1052 3505 1154 3568 semel

337 3607 659 3688 conscendentem
667 3627 834 3692 nunqnam
849 3613 912 3671 est.
957 3607 1013 3670 Sic
1026 3606 1096 3669 vite
1106 3611 1215 3668 necet

110 3895 113 3900 ¹
230 3893 473 3962 ‘ostunensem
555 3899 735 3964 ill.plccet.-n
751 3897 900 3948 Endvett.
919 3895 998 3958 cerie,
1018 3902 1045 3943 et
1060 3892 1127 3942 intra
1143 3890 1324 3954 receperim--⁴

231 3971 278 4015 -l
294 3965 367 4015 Sura
385 3965 451 4013 Edd.
495 3971 542 4012 etr.
564 3965 608 4012 red
631 3964 693 4012 Ver.
712 3963 864 4011 emittit-e
880 3961 978 4009 Murer.
1001 3955 1073 4020 legit,
1094 3955 1256 4014 Comaru,
1275 3953 1308 4004 Τ.

232 4029 315 4079 Faber
327 4029 468 4078 Cerealibus.
496 4027 549 4075 Pro
560 4031 584 4076 et
594 4027 636 4089 ptri
649 4026 699 4074 Mr·
712 4023 892 4087 Lindeubrogll
903 4023 1027 4081 caina-ll
1044 4020 1110 4070 Edd.
1122 4019 1194 4068 Verr.
1213 4019 1309 4080 Pompt-

233 4094 274 4141 lie.
301 4091 343 4142 ΑΙ.
354 4099 413 4141 aute
426 4091 495 4140 Oud-
509 4090 673 4153 Popilia—to
692 4088 757 4137 Edd.
769 4088 842 4135 vert.
860 4085 1037 4144 adjuvare—l
1057 4083 1126 4132 llere
1141 4083 1243 4132 volebat
1253 4095 1307 4144 psa.

237 4160 285 4204 -2
303 4158 400 4206 Desunt
419 4153 477 4204 nrt.
494 4161 529 4204 est
547 4153 612 4204 Edd.
628 4153 702 4202 Vett·
733 4150 859 4202 Exhibuit
878 4147 941 4198 Urbe
962 4150 1027 4198 Dan.
1047 4147 1138 4198 lieinr.
1160 4143 1307 4210 probantib.
