3084 4836
259 309 324 379 990
366 305 371 316 ’
687 323 719 374 u.
742 319 920 374 eunrorrrr
1029 292 1038 302 ’

261 471 377 548 disse3
397 467 475 534 illos
505 467 569 533 eibi
602 465 827 530 reddidiseer'
859 481 968 549 neque
994 465 1029 527 in
1057 460 1245 529 redueenda
1267 467 1349 546 poet

262 571 440 635 divortium
455 575 581 633 uxure⁹
604 567 746 645 edicere,
768 572 981 631 ‘reuocatam
993 573 1019 605 ¹⁰
1040 584 1113 658 earn
1129 565 1162 628 in
1177 561 1353 647 pulvinar¹

261 671 381 736 suurn?
422 668 615 734 Acclamari
630 671 728 733 etiarn
745 669 779 731 in
800 653 1054 750 Amphitheatro
1074 667 1189 748 epulie
1210 665 1290 758 die¹
1309 665 1348 730 li·

262 774 374 837 beuter
403 769 528 834 audiit:
552 767 743 835 ‘nominor
773 777 807 834 et
836 769 991 832 Dominae
1015 766 1183 830 soliditer?
1218 765 1292 830 'Sed
1316 771 1351 829 ot

263 872 456 956 Capitolino
472 871 650 934 certamino
664 875 825 934 cunctos*
847 869 1153 950 ingenti'oonsensu
1168 874 1351 949 precautes,

262 981 303 1036 ut
318 971 503 1037 Palfurium
518 968 655 1034 Suram¹
677 971 872 1044 restitueret,
898 969 1028 1051 pulsum
1050 967 1130 1031 olim
1149 967 1286 1044 Senatu,
1306 969 1351 1032 iae

263 1077 342 1136 tuno
364 1071 407 1135 da
431 1072 617 1134 oratoribus
646 1077 850 1144 coronatum,
880 1069 970 1132 nullo
995 1085 1157 1150 responso
1186 1067 1350 1149 dignatus,
1426 1125 1428 1130 .

264 1169 408 1238 ‘tenere’
438 1171 664 1234 tantummodo
681 1169 796 1252 jussit,
824 1187 908 1232 voce
934 1169 1111 1251 praeoonis.
1156 1167 1234 1231 Pari
1261 1185 1350 1231 arro·

266 1271 389 1352 guntin
419 1289 493 1335 oum
523 1277 774 1352 procuratorum
802 1287 936 1332 enorum
965 1268 1097 1333 nomine
1132 1266 1302 1332 formalem
1315 1264 1351 1314 ¹*

264 1371 404 1434 dictaret
418 1369 610 1451 epistolam,
625 1371 674 1433 sic
696 1371 815 1452 coepit:
839 1369 1025 1433 ‘Dominus
1045 1378 1080 1433 at
1105 1363 1219 1432 Doua¹
1241 1374 1353 1432 noster

266 1470 330 1534 hoo
344 1469 415 1534 lieri
436 1470 555 1553 jubat!
599 1471 697 1536 Unde
719 1472 906 1534 institutum
932 1471 1085 1552 posthac,
1108 1477 1145 1533 ut
1167 1487 1208 1532 ne
1226 1467 1351 1550 scripto

266 1571 402 1655 quidem
426 1592 465 1636 ac
490 1591 639 1638 sermone
660 1575 858 1658 cujusquam
878 1574 1103 1655 appellaretur
1130 1573 1234 1636 aliter.
1276 1571 1352 1635 Sta·

268 1679 346 1736 tuas
362 1672 426 1736 sibi
450 1674 485 1735 in
510 1671 682 1754 Capitolio
700 1692 767 1736 non
790 1673 854 1736 nisi
871 1691 991 1737 aureas
1016 1680 1050 1736 et
1074 1678 1246 1755 argenteas
1271 1673 1354 1755 poni

722 1867 899 1890 OMOWCO

268 1995 347 2046 vind.
358 1999 383 2046 t.
394 2000 417 2044 et
427 1997 446 2044 i.
456 2011 477 2045 a.
487 2012 508 2046 r.
518 2013 570 2046 eam
580 2013 632 2060 nae,
643 2001 683 2062 ise.
718 1999 784 2049 Hsee
796 1999 880 2048 omnia
891 1998 984 2050 desunt
995 1998 1092 2048 Medic.
1104 2001 1127 2046 t.
1142 1995 1272 2047 Polla-9
1291 1997 1356 2046 Uno·

268 2075 318 2108 rem
330 2060 388 2122 cuj.
400 2059 477 2108 Polir.
493 2063 592 2110 ediceret
603 2063 680 2110 vind.
692 2070 811 2128 uterque,
828 2064 902 2114 Cort.
918 2063 996 2112 diem
1014 2063 1130 2112 Heriem.
1141 2075 1197 2111 curn
1210 2061 1277 2109 Edd.
1288 2060 1355 2111 Ven.

270 2124 336 2172 lton.
345 2122 483 2173 (laid—1⁰
495 2124 534 2172 Ex
546 2125 696 2186 conjectura
705 2127 782 2176 Salm.
792 2127 834 2176 cui
845 2125 947 2176 aceedit
956 2127 983 2178 J.
994 2125 1023 2176 F.
1034 2127 1113 2176 Gron.
1124 2140 1151 2173 re
1159 2122 1258 2174 eddidit
1267 2123 1357 2174 Grau.

270 2187 358 2235 Burni.
371 2195 398 2235 et
409 2186 441 2236 al.
453 2187 537 2236 inuitis
551 2189 614 2237 Mra.
626 2197 653 2238 et
667 2189 731 2238 Edd.
739 2193 812 2240 Vett.
825 2191 950 2254 inquibus
962 2195 1084 2248 nomime
1094 2189 1162 2253 qnod
1173 2195 1277 2238 tuentur
1287 2187 1356 2238 Oud.

271 2255 298 2298 et
315 2248 392 2299 Wolf.
421 2251 472 2299 Dat
490 2252 711 2303 evocationem
727 2255 948 2317 cerneretque—r
971 2253 1046 2302 Hand
1059 2251 1133 2302 aliter
1144 2253 1248 2302 lilernrn.
1260 2251 1356 2302 Medio.

271 2313 342 2362 Dun.
357 2313 435 2362 Poilt.
444 2313 519 2363 Vind.
531 2315 591 2376 hys.
599 2330 644 2366 ren
655 2317 727 2367 cort.
739 2317 823 2366 Palm.
833 2318 917 2370 Paria.
928 2320 993 2380 Cop.
1001 2317 1073 2366 Voss.
1084 2316 1159 2366 Hnlr.
1168 2325 1194 2365 et
1206 2315 1273 2365 Edd.
1282 2316 1356 2366 Rern.

271 2377 362 2438 steph.
383 2377 479 2426 ideireo
495 2379 609 2441 reposuit
625 2381 695 2430 Oud.
711 2381 772 2431 Ern.
791 2389 817 2431 et
829 2397 899 2445 seqq.
932 2383 995 2430 'l'urn
1006 2382 1073 2430 eadit
1084 2381 1180 2430 liabent
1190 2379 1272 2430 Codd.
1283 2379 1357 2432 Torr-

272 2439 386 2488 Heriem.
396 2446 425 2489 et
437 2441 503 2489 Edd.
514 2442 587 2492 Vett.
600 2451 695 2504 praeter
714 2445 787 2494 Rom.
805 2446 849 2495 Ste
869 2447 892 2495 lr.
911 2446 973 2494 Bas.
992 2453 1020 2494 et
1036 2459 1109 2510 seqq.
1127 2443 1217 2494 audiuit
1233 2443 1258 2491 in
1275 2444 1357 2493 altero

272 2499 359 2551 Pulrn.
376 2503 464 2554 Groev.
482 2505 617 2556 Boron-2
635 2507 724 2556 Tantos
741 2509 820 2558 Fouc.
845 2461 913 2558 Boin
928 2511 1047 2572 preeuntis
1064 2509 1160 2558 Medie-
1175 2512 1199 2556 t.
1227 2507 1358 2563 Palfuriana

273 2565 379 2615 Mearm.
396 2583 426 2616 ee
438 2568 495 2618 Sea.
507 2568 644 2620 addam.
663 2571 783 2622 Beroald.
795 2573 915 2622 eald-t
933 2573 1083 2622 Formantur
1100 2573 1205 2621 Merum.
1223 2571 1289 2620 unde
1303 2569 1359 2630 sor·

272 2632 385 2680 semensa
395 2631 488 2682 format
500 2633 590 2684 Barth.
602 2634 669 2684 Λᾶν.
680 2647 734 2685 arv.
745 2639 770 2686 t.
794 2637 857 2688 'l'um
871 2637 914 2686 tor
925 2635 985 2700 fleri
1004 2643 1132 2687 testantur
1144 2637 1249 2686 ilerum.
1261 2635 1357 2686 Medic.

764 2796 869 2846 NOTAE

273 2881 346 2942 llum,
368 2883 475 2946 ipseque
503 2887 591 2936 Cesar
616 2891 799 2940 consalutatum
838 2891 997 2942 claudet.

276 2957 405 3005 Martialis
416 2960 484 3021 epig.
496 2964 552 3010 lon.
564 2961 606 3011 lib.
617 2963 799 3014 rx.¹Aareruit
869 2967 876 3000 ¹
899 2966 997 3028 Sarum]
1024 2968 1162 3017 Oratorem
1184 2963 1359 3024 clarissimum,

277 3034 476 3094 possessamalis
488 3037 699 3100 pallatiaregnia:
712 3039 799 3090 Prinne
838 3041 913 3104 enjus
932 3043 1048 3092 meminit
1070 3043 1150 3092 Mart.
1170 3040 1238 3104 epig.
1254 3042 1295 3090 dt.
1314 3038 1359 3088 lib·

277 3118 323 3154 auo
333 3107 412 3167 gessit
424 3122 469 3170 pro
480 3109 546 3159 Jove
563 3111 630 3162 bella
648 3127 724 3175 poen·
753 3115 799 3164 So·
840 3130 879 3165 vr.
980 3171 984 3186 ,

277 3181 316 3230 lus
333 3180 419 3230 Iuleas
438 3197 496 3232 cunr
507 3177 561 3247 jam
580 3187 704 3240 retineret
722 3189 800 3238 halre-
870 3189 1040 3254 ¹Forrrrelrra]
1057 3191 1119 3240 Eam
1131 3189 1359 3254 diennt,quaqaid

278 3255 471 3321 nas‚Tradidit‚
487 3259 563 3325 inque
578 3276 624 3312 sno
635 3265 727 3314 tertius
738 3265 800 3316 orbs
839 3267 971 3327 statuitur,
998 3273 1026 3314 et
1046 3281 1102 3330 qne
1123 3266 1181 3315 aliis
1207 3265 1361 3328 exemplaria

278 3327 346 3380 rure·
841 3342 897 3392 loeo
907 3340 993 3391 t'utura
1004 3349 1060 3392 erat
1072 3342 1097 3392 iu
1107 3341 1230 3392 similione
1240 3340 1361 3403 negotiis,

311 3402 366 3454 ‘la
383 3407 504 3470 patriam
531 3411 611 3463 Quasi
634 3413 704 3478 Deus
724 3421 801 3466 esset·
840 3423 884 3468 aut
895 3418 917 3466 ai
928 3416 960 3465 ad
972 3415 1075 3464 eosdem
1092 3416 1186 3478 sepina
1199 3413 1361 3464 scribendum

279 3480 336 3530 Diis
355 3485 421 3532 enirn
443 3486 625 3538 sternebantur
642 3491 802 3552 pulvinaria;
841 3499 918 3540 esset.
952 3490 983 3538 ln
1000 3504 1022 3538 e·
1040 3495 1080 3540 20.
1098 3489 1165 3542 infra
1177 3489 1264 3541 adleta
1277 3489 1361 3540 alieno

280 3570 338 3618 qne
348 3564 376 3606 et
387 3559 584 3620 imperatoribus
593 3577 724 3614 concessa.
755 3564 801 3616 Ju·
841 3561 969 3614 formabat
979 3563 1089 3628 ingenio.

281 3632 366 3680 venel.
384 3631 417 3681 de
435 3633 634 3688 Mersellnasat.
647 3651 685 3688 vr.
705 3638 801 3688 ‘tunm-
872 3637 879 3672 ¹
895 3639 1011 3688 noum
1031 3645 1056 3690 et
1073 3639 1150 3706 Deua]
1176 3640 1220 3690 Ita
1242 3639 1361 3690 durelina

282 3719 332 3770 que
349 3705 459 3756 lucerna
472 3708 801 3774 Foedatupenrrtsrulirsd
841 3713 940 3766 Victor.
977 3715 1102 3778 Caligula
1124 3716 1206 3765 instar
1226 3713 1361 3764 Dominum

282 3787 400 3850 pulvinar
410 3785 533 3838 odorem.'
596 3841 599 3850 .
633 3839 638 3848 ,
841 3803 896 3840 aeae
912 3792 1046 3853 Deumque
1064 3789 1114 3840 dici
1132 3789 1213 3852 jussit
1235 3789 1362 3840 Domitia·

315 3869 327 3904 e
345 3861 415 3922 Epulr'
426 3861 539 3925 [epulari]
557 3861 608 3925 die]
628 3862 687 3913 Quo
698 3863 801 3926 epulum
841 3880 897 3916 nna.
920 3865 995 3916 Unde
1007 3865 1126 3914 adulator
1138 3872 1183 3913 aut
1194 3864 1282 3914 irrisor
1293 3864 1363 3914 lilar-

283 3937 403 4000 praebuit,
412 3953 467 4000 snp.
477 3951 500 3986 e.
510 3942 535 3987 t.
842 3942 896 3992 tial.
906 3941 948 3992 lib.
959 3955 985 3988 v.
993 3941 1061 4004 epig.
1069 3945 1094 3992 8.
1104 3940 1240 3992 ‘Edictum
1252 3939 1363 4002 Domini,

315 4011 327 4046 l
339 4012 452 4077 Domino]
465 4013 547 4064 Quaru
558 4013 754 4076 appeliationem
764 4028 801 4064 re·
841 4015 940 4080 Deique
952 4013 1052 4066 nostri!

278 4085 520 4152 jeceratrlnguatna
528 4089 553 4137 in
561 4087 629 4152 Aug.
659 4089 726 4140 Vide
737 4097 763 4140 et
775 4091 801 4138 in
