3084 4836
237 345 323 410 1046
663 355 695 402 c.
719 352 898 402 suuuourr

239 504 399 579 civitate,e
420 499 563 566 necdum
583 515 701 579 magno
724 512 824 579 opere
844 492 1035 559 liberalibus
1058 489 1246 572 disciplinis
1269 509 1326 554 vu·

239 613 343 672 cente.
388 605 526 670 Initium
546 620 679 686 quoque
702 598 794 682 ejus³
819 597 985 662 mediocre
1009 596 1140 661 extitit:
1163 592 1328 678 siquidem
1397 593 1399 598 '

689 791 869 814 temdum?

237 918 314 967 neeis
324 915 470 966 Collvoss.
481 913 508 962 iu
519 925 569 978 quo
587 911 661 961 deest
678 909 777 972 sellim,
795 907 864 958 sicut
879 907 905 958 ln
917 908 991 959 colb.
1004 907 1125 958 Heri-t
1144 905 1240 956 Exulet
1249 902 1327 964 cisse

661 1055 665 1062 '
731 1067 836 1120 moun

239 1170 410 1236 grummsticls
422 1176 498 1232 utque
508 1169 653 1218 rhetoribus
663 1167 706 1232 qui
718 1179 764 1216 nu·
802 1165 961 1213 incremento
977 1162 1091 1212 ridemus
1108 1161 1180 1210 illum
1196 1159 1329 1224 exposuis-

238 1247 377 1301 mlnsutur,
390 1243 437 1294 sed
448 1244 481 1294 de
493 1243 579 1294 Plinio
594 1257 707 1308 quoque,
722 1255 765 1293 ee·
803 1253 844 1289 se:
856 1239 893 1289 its
901 1239 1097 1304 etinm'podtiesr
1109 1243 1237 1292 ortum,et
1245 1235 1329 1300 prims

241 1323 364 1387 terisque,
374 1319 465 1372 librum
478 1320 680 1384 conscripserst.
711 1317 766 1368 lts·
802 1314 869 1364 illius
889 1313 983 1377 studia,
1007 1327 1114 1378 queque
1136 1311 1227 1362 eodem
1250 1309 1329 1374 pertl·

239 1414 289 1462 que
298 1407 305 1430 ⁸
313 1397 436 1448 illustres¹
448 1395 526 1456 viros,
535 1395 661 1445 doctoset
670 1395 696 1443 in
705 1393 765 1446 rioc-
802 1397 875 1453 nent,
886 1391 971 1440 omnis
982 1398 1105 1440 executus
1113 1394 1171 1437 eret
1181 1386 1330 1445 Suetonius.

241 1475 315 1524 trine
338 1473 428 1523 studiis
448 1471 606 1520 excellentes
627 1467 765 1521 nocebunt.
801 1472 940 1529 antequem
960 1464 1050 1529 poitss
1077 1464 1145 1528 ipsos
1165 1463 1191 1512 in
1212 1461 1328 1510 ordinem

240 1548 403 1598 Auimusne.
801 1541 941 1606 digereret.
984 1542 1015 1591 ld
1037 1541 1104 1591 euiru
1127 1539 1326 1603 nonnulisque

271 1625 332 1672 Duo
340 1622 383 1670 isti
391 1620 685 1684 libelli,psrsdnutssst
695 1626 765 1680 suot,
801 1617 927 1681 hodieque
944 1624 1082 1681 supersunt
1099 1615 1244 1678 frequente
1262 1615 1329 1663 iudi·

239 1703 284 1746 sut
302 1694 412 1746 fortusse
430 1696 509 1745 etism
527 1695 663 1759 perticum,
679 1694 765 1758 operis
802 1698 878 1755 csnt3
895 1692 1011 1756 inprimis
1030 1699 1117 1743 sutem
1143 1690 1206 1740 illud
1226 1689 1328 1754 egregi·

239 1770 344 1835 mq'orls
367 1785 382 1819 s
401 1769 525 1819 Suetonio
545 1768 673 1834 quondum
692 1769 764 1820 editi.
801 1783 854 1824 um,
869 1767 939 1832 quod
956 1783 971 1818 e
988 1767 1129 1817 librovsrt.
1148 1765 1241 1816 isidori
1258 1765 1329 1814 inter

240 1845 309 1896 Setis
320 1845 368 1894 hoc
385 1845 426 1893 vei
444 1859 476 1894 cx
495 1857 526 1893 eu
541 1849 764 1906 puteacensem,
802 1852 890 1894 cetere
909 1843 1100 1907 descripsimus.
1133 1843 1236 1892 Preter
1251 1840 1327 1890 husee

240 1918 310 1986 quod
321 1933 371 1970 nou
383 1919 463 1969 solum
475 1921 765 1983 grsmrustieos,etrhe·
802 1927 863 1977 tres.
875 1919 996 1969 sidentur
1012 1927 1039 1969 et
1056 1919 1113 1968 siire
1130 1916 1243 1980 corporis
1259 1917 1329 1979 ejus·

239 1993 378 2060 tores‚sed
395 1996 471 2044 etism
491 1994 581 2058 politus
601 1994 715 2044 illustres
732 1993 765 2043 sb
802 1997 1057 2062 demfuissepertes·
1096 1998 1164 2048 Nem
1176 1993 1254 2046 Plinii
1265 2009 1329 2059 quo·

240 2088 272 2122 eo
282 2071 363 2122 inisse
375 2073 531 2136 descriptor,
544 2085 583 2121 res
602 2071 658 2135 lpse
673 2071 766 2136 arguit.
802 2088 851 2139 que
863 2075 941 2124 vitem
951 2087 966 2122 s
975 2071 1120 2139 Tranulllo
1131 2072 1211 2122 fuisse
1222 2083 1327 2134 compo·
1398 2127 1403 2136 Ι

241 2151 310 2202 Nem
322 2157 348 2200 et
361 2147 465 2198 lloretii
476 2156 504 2198 et
514 2145 615 2198 Lucsul
628 2148 698 2210 vite,
706 2159 764 2212 quer
802 2150 887 2208 sltem,
897 2155 988 2214 poetes
998 2149 1175 2210 ostendemus,
1190 2161 1266 2212 quem
1277 2159 1329 2195 non

239 2221 368 2287 hodieque
385 2227 486 2282 extent,
503 2221 653 2271 Suetonium
671 2222 699 2270 iu
720 2234 764 2270 su·
802 2231 921 2290 putemus
934 2225 959 2273 in
971 2225 1023 2273 uuo
1034 2223 1149 2273 murm
1161 2221 1329 2283 tribunupe.

240 2297 319 2361 tiquls
331 2296 402 2346 libris
415 2295 558 2360 penserunt
569 2303 718 2346 suetoreme
737 2302 765 2346 et
802 2298 913 2349 rioribus
929 2297 1007 2348 luisse
1024 2299 1194 2348 collocutum:
1213 2296 1263 2345 etsi
1274 2309 1328 2345 non

239 2371 314 2421 stilus
333 2371 397 2434 ipse,
417 2371 541 2420 concinne
560 2369 669 2434 qusdsm
682 2370 765 2419 bresl-
802 2389 933 2438 negemus,
953 2372 1070 2423 omuibus
1089 2373 1138 2423 illis
1160 2371 1330 2422 iscultstibus

240 2453 296 2496 tete
314 2445 433 2510 inriguis,
452 2445 515 2496 item
534 2445 578 2494 ills
594 2445 765 2496 securetsln·
802 2449 879 2501 luisse
897 2449 981 2514 ipsum
1003 2449 1149 2513 preditum.
1182 2445 1265 2497 ruere
1284 2445 1329 2511 qui

240 2519 342 2586 quisitlo
351 2533 435 2570 iesum
448 2519 480 2569 ⁸⁶
495 2518 652 2581 ”ivelinus
663 2527 690 2570 et
709 2533 766 2570 ern·
802 2525 989 2585 existimarent.
1000 2539 1050 2576 uon
1059 2525 1141 2575 solum
1152 2524 1185 2574 de
1198 2523 1257 2573 riris
1268 2523 1328 2572 lite·

239 2595 344 2646 ditionis
367 2598 469 2662 cupium
486 2597 667 2661 spectantium,
688 2595 765 2646 etism
803 2601 865 2651 rutis
877 2600 960 2666 egisse
977 2601 1027 2651 isto
1043 2613 1122 2663 opere
1133 2599 1329 2664 'i'ranulllume

239 2672 405 2724 mediocriter
416 2673 524 2724 versutis
535 2673 562 2722 in
572 2673 682 2724 lectione
692 2671 766 2736 hujus
803 2677 848 2730 scd
861 2677 887 2727 ln
899 2677 1046 2728 universum
1057 2675 1214 2726 decernibus
1223 2680 1267 2724 ent
1275 2675 1330 2737 ple·

240 2747 406 2798 eruditissimi
436 2747 581 2812 scriptoris,
606 2746 683 2798 fidem
711 2749 766 2811 ejus
803 2753 890 2818 risque
906 2751 1022 2802 omnibus
1042 2750 1175 2810 Romanis,
1193 2748 1278 2814 ulique
1292 2749 1330 2797 in·

240 2823 342 2874 abunde
369 2822 489 2874 iecerint.
520 2823 637 2874 Terentii
665 2837 766 2889 quoque
803 2829 869 2892 signi
880 2826 957 2886 lende
969 2824 1120 2875 illustribus.
1137 2824 1251 2886 Primus,
1260 2824 1329 2888 quod

241 2899 303 2958 vitu,
314 2895 389 2950 initio
399 2896 583 2962 npohmubes
599 2898 625 2947 ln
636 2911 694 2947 eum
707 2897 767 2962 ροέ·
803 2905 892 2960 selem,
910 2909 1001 2953 suntor
1018 2901 1093 2966 hujus
1118 2901 1247 2965 opinionis
1262 2899 1330 2949 exti-

240 2983 293 3026 tsm
315 2975 456 3048 deqcripte‚
478 2977 547 3026 sicut
573 2971 722 3024 observavit
739 2980 767 3024 et
803 2980 835 3030 tit
853 2977 1003 3028 Alexander
1016 2976 1194 3026 Minutieuus=
1211 2975 1256 3040 qni
1268 2981 1329 3024 sute

239 3051 337 3100 monuit
350 3063 409 3100 vere
420 3051 446 3100 lu
458 3051 510 3100 suls
518 3050 550 3099 sd
560 3049 700 3104 Eusebium
712 3049 766 3100 No·
803 3060 906 3105 centum
917 3058 945 3103 et
956 3058 1015 3104 octo
1027 3065 1117 3116 snuos,
1128 3051 1176 3100 sub
1189 3050 1265 3101 titulo
1279 3050 1329 3100 Su·

239 3123 273 3174 tis
285 3123 470 3176 illustrissimus
488 3125 615 3188 Scaliger,
635 3124 710 3188 hujus
727 3133 766 3175 est
804 3142 899 3180 mortu
912 3141 950 3178 us
961 3141 1036 3178 vrnrs
1048 3139 1230 3186 resumtum,
1241 3132 1268 3175 et
1284 3126 1330 3175 hos

240 3201 381 3265 scriptoris.
424 3200 572 3266 'l'rsuquillo
594 3199 663 3250 euim
686 3200 765 3251 dublo
802 3203 867 3254 duos
889 3203 992 3253 libellos
1014 3202 1154 3253 Mediolani
1177 3201 1330 3267 publicent,

239 3277 330 3344 procul
342 3275 433 3327 ascribi
445 3276 542 3327 debent
559 3290 726 3344 quecumque
738 3277 765 3328 in
802 3287 830 3331 et
849 3293 900 3330 unu
922 3292 981 3328 cunr
1002 3277 1060 3329 istis
1084 3279 1177 3330 librom
1199 3279 1329 3343 integrum

238 3351 325 3403 fronte
343 3353 443 3404 illorum
460 3353 664 3418 Prolessomeuou
677 3354 764 3418 legun·
802 3355 876 3404 Sexti
898 3351 999 3404 Aurelii
1016 3353 1142 3418 Victoris,
1158 3369 1208 3420 quo
1230 3354 1329 3418 priscos

239 3432 291 3485 tur,
312 3443 391 3493 usque
412 3428 444 3478 sd
462 3429 512 3480 ists
523 3430 611 3487 verbs,
623 3443 687 3480 uteo
697 3430 765 3481 sun·
802 3431 890 3482 Rome
902 3430 957 3479 sive
968 3443 1052 3494 reges,
1063 3429 1119 3480 sice
1131 3429 1210 3480 duces
1224 3443 1330 3480 enome-

237 3505 551 3558 uourusl'nsrrouruuus.
585 3505 651 3558 Quin
661 3512 689 3556 et
700 3505 765 3555 Per·
802 3505 878 3556 rsvit.
911 3503 1328 3568 Temsbsnrdssententie‚qusm

239 3576 271 3625 sil
291 3577 379 3638 vitem,
397 3578 470 3628 initio
486 3586 601 3630 veterum
613 3579 765 3629 scholiomm
802 3583 882 3648 ipsius
904 3587 1005 3641 erretur,
1022 3581 1064 3646 qni
1084 3580 1141 3644 ejus
1157 3579 1329 3645 patrocinium

238 3651 359 3716 positum.
369 3651 455 3714 fuller,
476 3660 521 3704 sut
536 3654 599 3705 silus
610 3669 687 3705 nemo
698 3669 764 3720 prm·
802 3658 928 3722 suscepit,
937 3671 971 3706 ue
987 3656 1153 3707 similitudine
1168 3654 1272 3720 quidem
1284 3656 1329 3704 sli-

239 3735 280 3778 ter
291 3727 359 3778 hunc
370 3729 523 3792 composuit.
564 3729 697 3780 Hebenus
716 3727 762 3792 iqi-
802 3747 854 3799 qus
872 3731 926 3780 seri
943 3731 1029 3794 potuit
1046 3730 1157 3792 drmsre,
1174 3731 1273 3780 invenit
1290 3736 1329 3779 ts·

238 3810 281 3852 tur
292 3802 376 3866 operis
387 3803 537 3853 Suetonlsni
550 3810 603 3854 tres
613 3811 700 3869 partes
711 3804 763 3854 dis·
802 3821 861 3856 meu
873 3806 965 3872 quibus
983 3806 1116 3870 plsceret3
1134 3819 1193 3855 uum
1205 3805 1330 3856 Miuutis-

238 3878 342 3935 tinctus,
358 3877 391 3929 de
404 3879 589 3943 grsmmstlcls.
607 3879 641 3930 de
657 3881 762 3930 rhetori·
802 3883 829 3932 ni
840 3882 920 3934 editio
931 3882 986 3932 silis
997 3896 1098 3947 quoque
1109 3879 1172 3932 locis
1185 3888 1277 3946 postes
1288 3887 1331 3930 est

238 3951 295 4011 bus,
309 3951 346 4002 'de
362 3953 453 4018 poetis.
486 3953 706 4006 Quemsdrnodmu
718 3971 763 4006 su·
803 3959 924 4023 repetitu.
944 3959 1027 4008 Porro
1039 3959 1100 4009 licet
1111 3972 1161 4006 uon
1173 3958 1330 4020 ignoremus,

238 4036 288 4077 tem
301 4031 459 4094 priusqusur
471 4029 763 4095 professoresgrnmmu·
803 4040 830 4086 et
851 4033 919 4099 opud
940 4034 1047 4086 Grecos
1066 4039 1094 4084 et
1110 4032 1178 4097 epud
1199 4031 1330 4082 Romsuos

238 4103 303 4154 tices
313 4114 358 4156 eut
366 4107 505 4157 rhetorices
514 4115 658 4175 enumeret,
669 4109 762 4160 setium
802 4113 890 4178 plores
907 4109 995 4172 luisse,
1013 4109 1057 4170 qni
1075 4109 1165 4159 similis
1185 4107 1330 4172 argumenti

237 4179 336 4230 illerum
359 4182 482 4245 originem
500 4182 569 4247 spud
589 4184 718 4238 hommes
735 4193 762 4235 et
801 4185 881 4238 libros
905 4199 920 4235 s
940 4199 968 4238 se
992 4185 1158 4254 compositos,
1185 4188 1253 4240 ΠΕΡΙ
1272 4188 1326 4234 nrt-
