3118 4852
292 375 379 442 1le
696 386 990 438 rusenrrrrouss

291 536 383 620 Aug.
391 532 447 599 Ti.
456 531 480 598 J
483 535 551 599 olio
559 531 687 598 Caesari
698 531 786 617 Aug.
796 531 1002 618 Tiberioque
1013 531 1156 598 Claudio
1167 531 1294 599 Caesari
1304 533 1393 616 Aug.
1524 531 1525 540 ’

292 635 508 703 Germanico.
531 635 658 720 Utique
672 637 705 700 ei
719 635 879 700 Senatum
901 637 1035 714 babere,
1056 637 1251 701 relationem
1271 635 1391 714 iacere,

291 739 458 804 remittere
472 737 777 804 senatusconsulta
790 756 851 822 per
866 736 1063 804 relationem
1086 737 1391 823 discessionemque

291 841 404 906 lacere
412 841 526 918 liceat,
540 841 591 906 ita
603 839 654 904 uti
670 840 765 904 licuit
784 839 870 903 Divo
886 838 974 922 Aug.
989 840 1043 904 Ti.
1052 841 1076 906 J
1079 841 1148 906 ulio
1160 839 1289 904 Caesari
1302 837 1389 923 Aug.

290 942 346 1008 Ti.
361 942 505 1008 Claudio
519 941 648 1008 Caesari
665 941 754 1026 Aug.
769 941 981 1008 Germanico.

291 1129 421 1215 Utique
443 1149 519 1196 eum
540 1149 583 1196 ex
608 1131 782 1196 uoluntate
803 1131 1057 1210 auotoritateve,
1072 1129 1175 1214 jussu
1190 1129 1387 1196 mandatura

290 1231 377 1316 ejus,
392 1238 601 1316 praesentare
623 1231 828 1296 eo'Senatus
849 1233 1038 1311 habebitur,
1054 1233 1201 1296 omnium
1215 1251 1317 1296 rerum
1332 1231 1389 1316 jos

290 1335 431 1418 perinde
455 1334 631 1412 habeatur,
658 1340 818 1412 servetur,
841 1353 882 1398 ac
905 1333 936 1398 si
957 1353 976 1397 o
998 1335 1071 1416 lege
1094 1333 1241 1398 Senatus
1264 1331 1389 1398 edictus

292 1443 385 1501 osset
398 1437 654 1520 habereturque.
778 1451 782 1458 ‘

292 1622 419 1707 Utique
434 1645 521 1709 quos
535 1625 777 1709 magistratum,
793 1629 1017 1710 potestatem,
1042 1623 1231 1707 imperium,
1250 1622 1392 1688 curatio-

290 1742 420 1804 uemve,
443 1724 540 1810 eujus
561 1726 609 1791 rei
629 1729 782 1810 petentes
803 1725 940 1791 Senatui
960 1725 1159 1811 populoque
1177 1723 1279 1790 Rom
1299 1744 1391 1790 eom·

290 1824 508 1906 mandaverit,
532 1829 725 1913 quibusque
752 1829 1021 1910 suffragationem
1044 1847 1140 1894 suam
1160 1826 1297 1906 dederit,
1312 1847 1391 1910 pro-

290 1927 429 2006 miserit,
462 1949 578 1996 corum
615 1929 759 1996 comitls
787 1932 980 2016 quibusque
1009 1936 1104 1996 extra
1130 1928 1278 1994 ordinem
1304 1928 1391 1994 ratio

290 2028 465 2098 habeatur.

290 2216 421 2302 Utique
436 2221 469 2285 ei
489 2221 571 2286 lines
594 2220 741 2286 Pomerii
764 2221 923 2306 prolerre,
944 2239 1151 2305 promovere,
1171 2237 1249 2283 cum
1263 2238 1308 2282 ex
1322 2217 1392 2284 Re·

290 2320 430 2403 publiea
461 2324 613 2388 censebit
641 2342 732 2402 esse,
758 2323 871 2401 liceat,
898 2325 948 2388 ita
973 2322 1022 2387 uti
1044 2321 1144 2386 licuit
1164 2319 1221 2384 Ti.
1247 2318 1391 2385 Claudio

291 2419 420 2487 Caesari
432 2422 520 2508 Aug.
537 2424 748 2491 Germanico.
793 2423 918 2508 Utique
939 2442 1152 2508 quaeeunque
1171 2441 1217 2486 ox
1231 2441 1296 2488 usu
1310 2422 1391 2488 Rei·

290 2522 450 2606 pnbliooe,
479 2525 661 2611 Maiestate
690 2525 887 2604 divinarum,
914 2526 1146 2604 humanarum,
1170 2525 1390 2608 publicarum,

290 2623 563 2711 privatarumque
588 2647 697 2693 rerum
722 2648 801 2693 esse
824 2628 989 2706 censebit,
1015 2628 1177 2709 cingere,
1201 2627 1313 2692 lacere
1329 2628 1389 2712 jus

290 2730 514 2811 potestasque
531 2730 588 2808 sit,
603 2730 651 2794 ita
663 2730 707 2794 uti
726 2729 817 2794 Divo
833 2726 922 2810 Aug.
938 2729 1141 2812 Tiberioque
1155 2727 1249 2794 lulio
1262 2728 1389 2795 Caesari

291 2824 380 2910 Aug.
396 2828 596 2914 Tiberioque
612 2831 760 2897 Claudio
776 2831 862 2914 Aug.
878 2831 1081 2896 Germanico
1097 2831 1170 2895 suit.

291 3012 429 3099 Utique,
443 3018 565 3099 quibus
577 3019 710 3109 legibus
722 3019 878 3103 plebeive
893 3019 985 3083 scitis
1000 3019 1162 3103 seriptum
1177 3020 1253 3098 suit,
1271 3038 1312 3083 ue
1327 3019 1389 3084 Di-

289 3133 354 3181 vus
371 3117 460 3200 Aug.
474 3119 675 3186 Tiberiusve
690 3121 802 3186 Julius
815 3122 931 3187 Caesar
947 3120 1034 3204 Aug.
1051 3121 1274 3205 Tiberiusque
1289 3120 1389 3186 Clau·

290 3217 366 3283 dius
380 3216 498 3284 Caesar
512 3219 597 3304 Aug.
613 3221 834 3289 Germanicus
848 3228 1047 3302 tenerentur,
1065 3222 1109 3288 iis
1124 3223 1253 3306 legibus
1268 3223 1389 3307 plebis·

260 3373 263 3381 r
290 3340 358 3405 qua
372 3320 468 3388 scitis
478 3322 566 3407 imp.
577 3322 694 3390 Gaesar
706 3325 944 3410 Vespasianus
960 3325 1094 3392 solutus
1105 3327 1171 3406 sit;
1186 3345 1328 3410 quaeque
1342 3344 1387 3389 ex

290 3443 428 3509 quaque
453 3425 538 3509 lege,
564 3429 738 3510 rogatione
761 3429 886 3494 Divum
913 3427 1001 3512 Aug.
1020 3426 1238 3493 Tiberiumve
1263 3426 1388 3492 lulium

290 3524 462 3592 Coesarem
476 3527 566 3610 Aug.
579 3529 796 3596 Tiberiumve
818 3530 1000 3597 Claudium
1023 3531 1190 3596 Caesarem
1207 3528 1292 3612 Aug.
1308 3528 1389 3594 Ger·

289 3627 459 3698 monicum
473 3629 584 3694 iucem
597 3633 759 3714 oportuit,
774 3649 815 3696 ea
829 3633 942 3698 omnia
964 3632 1053 3715 lmp.
1070 3632 1159 3697 Caes.
1176 3630 1389 3714 Vespasiano

288 3729 381 3812 Aug.
395 3729 505 3797 tacere
516 3731 627 3798 liceat.

290 3915 417 4002 Utique
432 3937 641 4004 quaeeunque
661 3925 742 3986 anta
767 3919 854 3986 bauo
877 3922 982 4004 legem
1007 3928 1156 4006 rognum
1180 3927 1270 4000 acta,
1284 3929 1389 4007 gesta,

289 4017 437 4095 decreta,
448 4021 619 4105 imperata
630 4024 674 4088 ab
690 4023 900 4110 Imperatore
916 4023 1050 4090 Gaesare
1064 4024 1284 4108 Vespasiano
1298 4022 1389 4106 Aug.

283 4117 385 4201 jussu
395 4120 592 4188 mandatura
604 4123 679 4207 ojus
695 4144 718 4189 a
732 4145 865 4210 quoque
881 4133 973 4204 sunt,
989 4146 1032 4192 ea
1045 4125 1181 4210 perinde
1192 4125 1286 4210 justa
1301 4132 1390 4192 rata·

290 4236 357 4299 que
371 4217 437 4284 sint
450 4237 491 4285 ao
502 4221 531 4284 si
546 4224 664 4307 populi
680 4225 830 4306 plebisve
840 4227 941 4309 jussu
957 4235 1033 4294 acta
1047 4237 1171 4294 esseut.
