3104 4830
602 375 870 428 ansrnsrtuus.
1211 364 1277 430 815

188 526 324 586 sacrato
344 517 422 586 loco
437 528 540 585 resa·
563 521 675 603 operis
699 522 841 604 antiqui,
865 527 966 606 atque
991 523 1090 588 iniis
1115 523 1275 590 assimilis

189 617 403 705 Vespasiano
418 623 538 704 imago.
582 621 642 702 [8.]
664 621 760 686 Talis
781 629 939 707 tantaque
958 643 1034 688 curn
1051 624 1140 688 lama
1163 625 1197 688 in
1213 627 1276 690 Ur·

190 725 265 788 bem
282 744 443 802 reversus,
456 728 532 788 acto
554 722 596 786 dc
610 722 633 786 J
636 719 763 786 udaeis‘
780 725 956 807 triumpho,
972 726 1164 790 consulatus
1178 733 1276 798 octor

189 827 293 890 veteri
308 826 462 890 addidit·
507 823 665 905 Suscepit
680 833 713 888 et
730 843 923 889 censuram:
946 844 987 890 ac
998 834 1079 914 per⁵
1095 834 1198 893 toturn
1215 830 1277 893 im-

191 926 271 1008 perii
288 933 420 1010 tempus
443 922 523 988 nihil
548 923 663 987 habuit
685 926 865 1007 antiquius,
880 944 979 1008 quarn
999 946 1101 1012 prope
1121 928 1277 996 afflictam

188 1033 427 1108 nutantemque
450 1024 711 1108 Rempnblicam
737 1027 887 1090 stabilire
911 1031 1028 1110 primo,
1042 1029 1160 1095 deinde
1180 1039 1213 1096 et
1226 1053 1279 1096 or-

188 1128 296 1194 nare-⁶
341 1129 479 1205 Milites,
494 1146 572 1210 pars
587 1124 761 1192 uictoriae¹¹
780 1127 913 1204 fiducia,
927 1148 1003 1212 pars
1017 1129 1205 1212 ignominiae
1221 1132 1279 1198 do·

189 1230 274 1308 lore,
289 1229 333 1294 ad
347 1247 479 1294 omnem
492 1228 663 1294 licentiam
680 1228 925 1314 audaciamque
939 1239 1180 1314 processerant.
1212 1235 1280 1300 Sed

191 1339 228 1397 et
251 1333 440 1416 provinciae,
464 1332 682 1414 civitatesque
705 1331 830 1410 liberae,
859 1351 983 1397 necnon
1008 1340 1041 1396 et
1066 1351 1167 1414 regna
1189 1355 1280 1420 quae-

191 1433 269 1500 dam
284 1431 523 1498 tumultuosius
538 1431 624 1496 inter
638 1449 674 1494 se
691 1433 847 1513 agebant.
891 1431 1004 1511 Quare
1019 1433 1280 1502 Vitellianorum

191 1535 325 1618 quidem
349 1542 385 1598 et
405 1531 654 1600 exauctoravitl
672 1535 843 1618 plurimos,
867 1541 899 1600 et
921 1533 1072 1600 coercuit
1081 1557 1091 1601 :¹
1112 1539 1282 1624 participi·

189 1635 254 1700 bus
274 1643 385 1701 autem
401 1635 552 1700 victoriae
573 1636 657 1700 adeo
681 1635 763 1699 nihil
785 1643 881 1701 extra
902 1637 1048 1702 ordinem
1072 1639 1221 1720 indulsit,
1242 1651 1281 1706 ut

192 1737 296 1802 etiam
310 1738 460 1818 legitima
473 1737 615 1821 praemia
634 1755 699 1800 non
712 1737 800 1801 nisi⁷
826 1757 899 1801 sero
914 1739 1118 1826 persolverit.
1161 1740 1226 1820 Ac,
1240 1762 1282 1806 ue

194 1858 298 1923 quum
321 1839 531 1904 occasionem
559 1836 743 1919 corrigendi
772 1836 984 1920 disciplinam
1007 1842 1283 1922 praetermitteret,

194 1939 504 2015 adolescentulum,⁸
530 1940 729 2022 fragrantem
744 1949 922 2022 unguento,
937 1959 1012 2004 cum
1026 1940 1092 2005 sibi
1107 1960 1167 2024 pro
1180 1943 1285 2024 impe·

193 2045 281 2107 truta
306 2037 531 2125 praefectura*
557 2042 681 2126 gratias
706 2049 826 2125 ageret,
844 2049 950 2108 uutu⁹
974 2049 1182 2130 aspernatus,
1196 2061 1283 2108 voce

195 2389 275 2438 Fouc.
296 2385 379 2464 'lutra
390 2388 415 2437 ia
430 2387 467 2438 itia
478 2389 584 2440 Momm.
596 2387 694 2441 Medic.
705 2389 783 2439 Vlud.
794 2390 866 2439 curt.
878 2389 957 2438 Fouc.
969 2392 997 2440 et
1009 2387 1075 2438 Edd.
1088 2389 1161 2438 uam.
1175 2386 1216 2438 ΑΙ.
1228 2389 1285 2450 atta,

193 2459 225 2502 ut
237 2459 385 2514 passum-t
402 2451 441 2502 Ac
451 2459 473 2502 et
489 2467 530 2512 per
550 2451 664 2504 Heriem.
682 2453 766 2502 Paria.
785 2452 851 2504 Edd.
867 2452 938 2528 Med.
955 2451 1018 2500 Van.
1030 2453 1104 2504 Cald.
1117 2453 1191 2504 lunt.
1204 2452 1287 2528 lurgd.

194 2515 233 2565 Ar
248 2549 260 2592 .'
271 2515 371 2592 qulr.
387 2516 448 2564 Bas.
467 2517 559 2576 steph.
590 2519 665 2582 Conj·
681 2517 766 2594 llurtu.
787 2518 839 2580 lac,
852 2517 893 2564 rel
907 2531 934 2570 aa
950 2517 993 2565 laur
1004 2521 1025 2565 et
1037 2521 1136 2578 peu-ti
1154 2517 1252 2592 Medic.
1263 2521 1288 2566 8.

195 2580 235 2629 ¹'⁰
247 2585 275 2629 '³'
288 2581 483 2693 ltltttttt:
495 2595 631 2692 ‘lilii
649 2579 1286 2693 limitatiurticam

226 2708 295 2757 odic.
306 2707 385 2757 Poltt.
395 2708 465 2756 Dua.
477 2707 553 2756 Hula.
564 2708 602 2757 Co
623 2707 753 2758 ,Heriem
763 2708 819 2770 cuj.
827 2709 902 2756 Vota.
911 2719 968 2754 cum
981 2707 1047 2754 Edu.
1057 2719 1171 2754 areuna.
1181 2714 1290 2770 excepta

193 2771 271 2822 Rom.
282 2784 334 2820 aec.
346 2772 407 2820 item
421 2771 486 2819 Bon.
505 2769 586 2834 bugd.
622 2786 659 2834 rg.
674 2771 732 2820 ard.
745 2771 835 2832 stapla.
845 2771 981 2833 malletque
991 2769 1070 2818 deleri
1083 2770 1162 2832 Oud.1
1180 2783 1245 2820 reta.
1257 2783 1292 2828 ta,-

194 2835 530 2897 raadoprraolu.Camp.-8
547 2833 762 2886 numentanam.
788 2833 1035 2894 Statimsroglauten
1047 2839 1149 2894 sagrata
1191 2833 1292 2884 edic-l·

187 2897 337 2967 ,donauero
349 2899 425 2949 Fooc.
437 2907 462 2948 et
474 2899 497 2948 ei
509 2913 557 2963 pro
567 2897 672 2949 atti-c
688 2899 719 2964 lu
731 2898 883 2966 quibusdam
903 2897 973 2948 libuit
988 2912 1003 2947 a
1015 2897 1136 2948 Beroald.
1158 2897 1289 2962 inspectis,

688 3060 796 3112 ΝΟΜ

196 3157 307 3210 Arcadia
318 3173 379 3209 aero
391 3157 581 3210 mediterranea
590 3157 661 3223 regio
672 3158 724 3209 Pe·
763 3161 861 3210 'labula
871 3165 958 3210 autern
979 3165 1006 3210 et
1022 3159 1189 3221 caudelabra,
1206 3157 1292 3209 aaudi-

197 3235 341 3299 lopoauesl,
352 3236 395 3300 qui
406 3236 482 3288 hodie
495 3237 592 3286 aaa.
765 3243 819 3286 tum
830 3251 845 3284 a
856 3250 883 3284 ae
901 3243 995 3300 qrrantn
1007 3235 1064 3284 tlerl
1081 3235 1166 3298 putuit
1178 3233 1293 3297 magnid-

228 3319 240 3345 ·
259 3311 333 3376 Vara]
347 3314 389 3362 De
398 3313 437 3362 ut·
446 3313 563 3376 quadarn
573 3311 673 3375 atrae.
683 3315 725 3361 ts.
765 3312 859 3372 centia,
871 3311 995 3374 templum
1008 3311 1091 3359 Pacla
1103 3311 1249 3371 adornavit,
1265 3315 1294 3359 ut

230 3386 315 3438 'Aeo
325 3389 469 3452 dedederit]
488 3387 547 3437 Nou
564 3388 662 3450 statim,
678 3389 725 3437 aad
766 3393 856 3436 auctor
873 3395 913 3436 eat
931 3387 1038 3450 Joaepla.
1057 3386 1100 3436 lib.
1119 3399 1169 3435 var.
1181 3385 1213 3435 de
1226 3385 1293 3435 bello

156 3505 160 3512 .
197 3471 334 3528 poatquarn
344 3462 595 3527 Titmfilim,quam
613 3462 645 3510 ad
663 3477 724 3514 cou-
766 3462 885 3517 Judaicc.

197 3537 335 3610 delendum
353 3537 445 3588 baliam
462 3539 488 3588 iu
506 3537 600 3590 Judtea
612 3538 724 3603 reliqua·
796 3545 808 3591 t
827 3537 858 3586 Α.
871 3537 902 3587 U.
914 3537 944 3586 C.
955 3539 1014 3586 888.
1027 3539 1083 3586 828.
1095 3539 1151 3588 aaa.
1169 3540 1226 3587 eat.
1238 3539 1295 3586 888.

197 3621 248 3677 rat,
264 3623 341 3679 capta
359 3625 389 3665 et
409 3616 513 3666 incensa
534 3615 725 3680 Hierosolyma,
764 3615 821 3662 828.
832 3617 888 3664 888.
899 3615 957 3662 882.

198 3699 375 3742 acrerauaart.
400 3691 474 3742 Illius
491 3692 612 3757 triumphi
631 3707 726 3756 pompa
797 3699 809 3734 Ι
830 3691 910 3742 Veteri
933 3693 1039 3756 addidit]
1072 3693 1114 3743 De
1139 3705 1190 3756 quo
1215 3704 1294 3754 aupra

199 3765 287 3817 delata
297 3775 359 3816 auut
369 3767 459 3818 tabula
477 3767 520 3816 illa
537 3782 615 3817 aurea
632 3769 725 3819 rnntto-
765 3781 825 3830 cap.
835 3773 860 3818 ⁴.

198 3855 254 3898 rum
268 3843 430 3906 talentorum,
443 3844 624 3894 caudelabrum
639 3845 727 3893 airnlli·
799 3840 811 3874 ¹*
828 3844 890 3892 Para
903 3843 1023 3905 autum]
1049 3842 1125 3891 ilaue
1147 3845 1247 3904 partam
1262 3838 1294 3888 ad

199 3925 241 3968 tar
260 3917 322 3968 illud
341 3933 454 3975 aureum,
477 3927 550 3970 tanta
571 3919 726 3970 fabricatura
766 3917 877 3982 Vitellii,
896 3918 965 3968 tilam
987 3918 1019 3967 ad
1038 3916 1193 3980 Vespasiani
1210 3913 1295 3964 refero

199 3999 267 4057 arte,
286 4001 374 4058 atqua,
390 3995 458 4060 quod
481 3995 640 4059 pracipuuru
658 3997 726 4058 apud
767 3992 872 4042 militas.

198 4067 314 4126 induor.
340 4069 403 4132 ipaae
430 4070 504 4130 Legis
532 4070 637 4133 tabula,
664 4083 727 4134 quaa
800 4065 1007 4130 thammata]
1033 4065 1074 4114 De
1095 4065 1144 4114 hoc
1169 4063 1248 4114 verbo
1269 4063 1296 4114 iu

199 4155 261 4194 curu
276 4145 415 4208 purpurata
433 4146 530 4210 Templi
552 4147 617 4196 velia
636 4159 729 4208 magna
768 4142 829 4195 Tib.
841 4157 866 4192 c.
878 4147 902 4192 7.
915 4148 943 4190 et
953 4145 994 4192 88.
1004 4149 1031 4192 et
1043 4141 1111 4206 Aug.
1123 4156 1147 4191 c.
1159 4145 1199 4192 88.

199 4231 264 4272 eura
285 4219 453 4272 amamur·
470 4222 549 4285 juntt
569 4221 596 4272 lu
617 4221 728 4272 Palatio.
800 4218 990 4282 ¹⁸Profertur-a]
1019 4218 1078 4268 Nou
1100 4217 1202 4282 quideau
1225 4216 1296 4267 urbia
