3084 4836
247 344 333 410 1028
590 357 769 409 sennenn
796 357 992 410 exeussus

247 509 361 552 aetorum
373 502 428 565 ejus
439 502 496 550 anui
508 500 576 564 spud
597 501 705 551 Dionem
718 501 833 564 colliges.
866 500 946 564 Atqui
957 500 1080 563 Dionysia
1091 501 1195 562 mqjors,
1208 511 1265 564 qne
1275 501 1283 528 ⁴
1292 515 1333 552 ss.

247 582 315 632 tiue¹
332 581 401 630 diota
412 589 482 642 aunt,
500 581 568 628 reris
584 581 658 628 initio
673 579 804 628 celebrate
816 578 893 628 fnisse
911 584 1019 628 roustst.
1053 579 1148 628 contre
1158 579 1212 628 ludi
1229 580 1333 628 ‘iselas-

246 660 308 710 tiei'
326 668 435 722 potuere
443 659 556 708 incidere
568 659 593 707 lu
605 672 789 723 quemeumque
803 659 861 706 suni
874 664 1071 720 tempestatem:
1089 665 1125 718 et,
1135 671 1192 706 rum
1203 671 1265 705 earu
1277 665 1331 706 tum

246 739 393 790 celebrandi
405 745 497 794 essent.
509 738 656 786 sdrenieuti
667 738 822 799 Imperatori
834 738 935 786 bonoria
947 751 1023 786 cenas
1034 735 1140 797 deferri,
1157 745 1184 783 nt
1195 736 1226 784 iis
1236 750 1333 798 prees-

245 826 295 867 set.
328 818 359 868 ld
376 816 432 865 fieri
448 817 559 870 solitum,
579 823 608 864 ut
626 815 783 878 principibus
794 816 843 864 boc
854 814 1007 870 deferretur.
1025 814 1119 864 donent
1131 817 1250 876 exempla
1262 815 1332 877 spud

247 898 381 946 Peterium
393 896 424 944 ed
436 896 532 946 Julian.
542 896 591 957 Ep.
602 899 643 943 ³5.
659 895 774 959 equibus
791 895 853 943 loeis
870 896 947 943 etiam
958 895 992 942 de
1003 902 1120 956 tempore
1136 894 1253 941 ludorum
1270 907 1332 955 cog·

246 990 347 1026 nosces.
380 975 530 1036 Syracusani
541 972 615 1022 fuere
631 975 716 1022 uoloni
728 974 930 1022 Corinthiorum:
949 987 1027 1036 qnsre
1040 972 1158 1020 lstbmios
1170 973 1242 1020 ludos
1253 971 1332 1022 t'nisre

246 1053 366 1103 arbitror.
399 1051 623 1100 ‘iselastieorum'
640 1065 731 1100 nomeu
750 1066 819 1115 sepe
836 1059 986 1114 corruptum
997 1053 1022 1099 in
1040 1051 1151 1114 antiquis
1166 1052 1332 1100 monumentis

246 1143 334 1180 muner
346 1132 456 1180 Bouhier
469 1132 501 1179 ‘in
520 1131 604 1192 Epist.
619 1131 652 1179 ad
669 1130 880 1193 Hegenbuebinm
901 1145 926 1192 p.
942 1135 982 1178 ll.
1014 1131 1106 1192 lisque
1120 1143 1177 1178 eum
1188 1129 1294 1179 Grerlo
1304 1137 1332 1178 el

247 1211 394 1260 Bnrmanuo
404 1209 485 1273 probo
495 1209 631 1269 iselurliros,
642 1211 684 1272 qni
705 1216 758 1258 tum
769 1209 929 1258 celeberrimi
947 1217 975 1258 et
993 1208 1195 1270 imperatoribus
1212 1207 1332 1256 Romanis

246 1289 312 1350 greti
326 1287 414 1348 luere3
433 1287 498 1334 unde
511 1288 641 1349 al'rejano
651 1289 677 1336 iu
689 1289 818 1352 Bithynis,
829 1289 860 1336 eb
872 1287 984 1336 Antonio
996 1287 1109 1335 Puteolis
1119 1287 1240 1335 instituti.
1263 1287 1331 1334 Vide

246 1370 360 1431 Scaliger
372 1368 404 1416 de
417 1367 525 1415 Emeud.
535 1369 623 1429 Temp.
635 1369 678 1415 lib.
688 1381 715 1415 v.
725 1381 750 1429 p.
760 1372 817 1416 lll.
851 1366 1011 1415 ‘Iselsatioi'
1028 1373 1113 1414 antem
1125 1365 1199 1420 dieti,
1210 1367 1267 1427 qnis
1279 1366 1331 1414 rie·
1366 1421 1370 1432 Ι

248 1448 485 1511 tores,l1ieruuies·‚
501 1445 681 1507 sermonem,
697 1447 720 1496 b.
732 1461 755 1495 e.
769 1460 817 1509 per
828 1454 928 1508 partem
945 1459 1073 1494 mnromur
1085 1445 1205 1506 dirutum,
1223 1444 1295 1492 relnt
1306 1446 1330 1492 in

247 1529 384 1590 triumpho,
394 1527 419 1574 iu
431 1526 518 1574 nrbern
535 1527 675 1574 velluntur:
693 1527 764 1589 eujns
776 1527 877 1587 generis
887 1525 993 1574 irrernut
1005 1523 1173 1588 antiquissimi
1189 1522 1330 1585 Olympici,

247 1617 306 1670 port
317 1606 414 1668 Pytbii,
422 1605 523 1663 Nemi,
533 1605 643 1660 lstbruii,
652 1605 744 1666 aliique
757 1606 787 1652 ed
799 1619 885 1653 eorum
898 1603 1091 1652 similitudinem
1101 1602 1220 1650 instituti.
1254 1601 1330 1650 Cete-

248 1701 302 1735 ruru
314 1686 380 1746 illos,
391 1685 445 1732 sire
455 1684 605 1744 iselasticus,
613 1684 667 1732 sire
678 1685 782 1738 sstieos,
798 1684 871 1732 ludos
882 1700 898 1731 n
909 1685 970 1732 Ceio
981 1682 1113 1745 Syracusis
1124 1681 1255 1728 institutos
1265 1694 1333 1740 esse,

248 1773 277 1813 ut
288 1765 415 1824 Scslipero
426 1764 443 1813 Ι.
454 1778 478 1812 c.
491 1763 587 1825 ploret,
596 1762 623 1810 id
638 1777 652 1811 e
665 1764 721 1813 loco
739 1763 854 1813 Suetonii
870 1777 919 1811 nou
932 1769 1047 1827 eppsrst.
1079 1759 1155 1810 Adde
1167 1759 1330 1809 Boubierium

249 1845 298 1906 Ep.
309 1841 340 1891 sd
356 1842 566 1904 liegenbncbium
580 1857 604 1904 p.
615 1847 639 1892 o.

581 2047 835 2116 EXCURSUS
872 2049 1004 2114 XXII.

620 2213 687 2280 ¹lm
706 2213 835 2264 cunno.
852 2215 882 2265 c.
900 2219 939 2263 so.

549 2352 673 2418 Prorrpril
684 2357 715 2404 nd
725 2355 835 2405 solarium
844 2358 986 2420 proximum,
996 2361 1037 2420 irc.

279 2467 346 2514 Vrnr
358 2464 428 2513 docti
439 2463 552 2524 fuerumt,
563 2466 606 2529 qul
618 2479 633 2514 e
645 2466 761 2528 vestigiis
773 2467 889 2516 codicum
901 2469 1066 2531 scripturum,
1075 2467 1118 2530 qui
1129 2467 1254 2516 sorlurisrsr
1265 2481 1331 2530 prse-

246 2543 341 2604 ferunt,
352 2545 467 2605 legerent
478 2544 611 2606 mulonem
622 2545 696 2592 rside
708 2547 833 2608 probante
844 2547 1001 2608 Bersumno,
1012 2548 1076 2596 Viro
1088 2548 1161 2608 longe
1173 2545 1331 2602 doctissimo,

248 2637 355 2687 eemqne
367 2623 521 2676 seutentiam
534 2638 583 2671 nou
596 2638 684 2686 psrnm
691 2625 777 2686 jurari
790 2641 805 2672 s
819 2625 904 2674 Dione
916 2625 1006 2674 Cereio
1018 2633 1045 2674 et
1053 2625 1179 2686 dumpho,
1191 2633 1329 2685 putsrent:

248 2715 355 2764 qnorum
367 2701 432 2750 alter
443 2701 551 2764 Antiqq.
562 2714 623 2751 xlx.
635 2705 658 2750 l.
671 2703 804 2750 Claudium
813 2703 917 2751 letuisre
928 2702 1016 2765 trsdit,
1031 2703 1092 2752 rarii
1100 2721 1125 2751 rr
1135 2702 1271 2765 προσβατὸν
1281 2703 1333 2751 dnl-

246 2797 300 2841 7ms
309 2780 405 2840 βαθμῖσι
414 2779 507 2842 χωρίον,
516 2781 541 2828 irs
552 2782 611 2840 loro,
628 2781 659 2828 ud
675 2796 741 2842 quern
755 2783 836 2843 perrois
844 2783 959 2842 pudibus
968 2785 1149 2831 cremamur:
1165 2783 1232 2831 aller
1244 2791 1330 2834 autem

247 2860 291 2907 lib.
304 2873 346 2909 nx.
359 2861 416 2907 init.
429 2861 455 2907 ir
464 2858 537 2922 γωνίᾳ
549 2877 594 2907 sou
606 2861 725 2921 σκοτεινῇ,
740 2861 765 2908 is
781 2863 867 2921 angelo
876 2863 975 2922 quodum
985 2861 1089 2910 obscuro.
1122 2861 1173 2910 Sed
1190 2875 1240 2909 uon
1253 2875 1330 2910 unum

247 2945 333 2987 temen
345 2939 439 2993 obstat.
452 2953 502 3001 qno
515 2953 554 2986 me
566 2938 651 2986 fateor
668 2939 798 3001 impediri,
808 2953 860 3002 qno
876 2940 958 2988 minus
976 2954 1032 2989 esm
1049 2940 1203 2989 sententium
1221 2939 1330 3002 probare

245 3017 350 3079 possim.
384 3017 452 3065 Nem
464 3017 546 3078 primo
557 3016 679 3065 Cisudins
698 3017 788 3066 timore
800 3026 943 3067 recesserat
955 3019 981 3066 in
994 3018 1108 3080 dietum,
1120 3032 1180 3080 non,
1190 3019 1290 3080 opinor,
1301 3019 1329 3066 lu

247 3095 328 3155 prima
344 3101 418 3155 parte
434 3100 510 3157 atque
525 3093 597 3142 aditu
617 3094 721 3155 Peletil,
738 3095 781 3142 sed
800 3097 1009 3152 remotiorem‚'ld
1029 3096 1095 3160 qnod
1113 3098 1195 3159 ipsum
1215 3097 1329 3146 verbnm»

246 3171 424 3230 ⁴-reeesserat‚'
436 3170 542 3222 indiser-
576 3170 672 3220 Audita
683 3171 764 3225 crede,
775 3187 833 3222 curn
851 3180 989 3235 ungeretur
1007 3177 1091 3236 timor,
1102 3175 1181 3237 magis
1192 3175 1235 3223 ille
1247 3174 1329 3224 latere

245 3252 361 3314 eripiens,
374 3249 475 3299 confert
486 3265 514 3299 re
526 3251 656 3306 inlocum,
668 3251 710 3300 ubi
721 3252 803 3300 miuus
815 3259 945 3316 queretur
960 3262 1004 3302 sut
1016 3253 1242 3302 animadvertetur.
1270 3253 1329 3302 Hoc

246 3331 391 3393 intelligere
409 3330 441 3377 de
458 3330 604 3382 scalaribus,
618 3344 668 3378 uon
689 3344 798 3392 possum·
830 3331 964 3382 Quomodo
983 3332 1050 3380 euim
1066 3333 1122 3396 quir
1139 3332 1164 3379 in
1184 3332 1267 3386 scalis,
1284 3339 1330 3380 snt

248 3422 328 3472 prope
340 3410 463 3458 scelerum
475 3409 576 3470 prediis.
588 3423 634 3471 per
645 3424 708 3472 quos
720 3412 782 3472 itur,
794 3426 821 3460 se
832 3419 905 3473 putet
917 3413 1000 3460 istere
1014 3411 1110 3472 posse?
1128 3411 1219 3468 Porro,
1230 3410 1331 3460 abdidit

248 3501 277 3535 ss
289 3488 357 3534 intra
369 3486 531 3537 relatoribus
548 3496 683 3549 pretenta.
717 3489 776 3539 Hoe
793 3491 930 3553 quomodo,
944 3491 965 3537 si
982 3489 1106 3537 mninrr'urrr
1122 3490 1246 3550 legamus,
1263 3503 1331 3538 corn·

247 3565 322 3613 mode
340 3563 587 3626 interpretabimur?
605 3569 697 3629 Neque
713 3569 779 3616 enim
798 3568 854 3616 veie
871 3566 976 3622 foribus,
993 3581 1042 3630 qus
1058 3566 1197 3616 sceleribus
1215 3568 1329 3617 obversus

247 3651 315 3704 suut,
326 3643 370 3692 sed
382 3645 406 3692 iu
419 3643 563 3693 cubiculum
581 3658 679 3705 versus,
692 3645 898 3707 protenduntur,
917 3653 945 3694 ut
957 3646 1066 3709 intelligi
1078 3654 1164 3709 potest
1176 3660 1208 3693 ex
1221 3646 1262 3702 iis,
1273 3661 1329 3710 que

246 3723 279 3770 de
292 3722 354 3770 reiis
360 3722 494 3783 januarum
504 3723 634 3783 congessit
651 3723 753 3784 Lipsius
771 3722 803 3770 ad
820 3724 882 3772 Teo.
902 3723 968 3772 nnn
988 3737 1051 3773 xrrr.
1063 3730 1086 3772 4.
1120 3725 1226 3772 Scelere
1243 3734 1328 3774 eutem

246 3801 329 3863 ipsum
340 3813 402 3864 quse
418 3799 486 3848 fores
498 3801 601 3862 hibent,
612 3801 661 3849 nisi
679 3800 746 3850 forte
759 3804 784 3850 in
797 3802 879 3863 adim,
895 3804 962 3852 iutrs
973 3817 1079 3865 querum
1092 3803 1148 3850 vela
1160 3817 1234 3852 nemo
1246 3819 1273 3852 se
1285 3819 1328 3854 oe·

247 3881 326 3930 enitet
338 3881 347 3926 l
362 3879 421 3929 anr
434 3879 493 3926 illud
505 3881 560 3942 quis
573 3893 622 3928 non
635 3879 713 3940 ridet,
722 3882 861 3942 prorepmdi
872 3881 976 3930 rerbnm
988 3883 1074 3942 aptins
1091 3895 1157 3944 esse,
1174 3882 1195 3929 si
1212 3881 1244 3928 sd
1262 3882 1329 3930 sols·

247 3961 312 4008 rium
323 3960 444 4010 Claudius
456 3958 590 4021 processit,
608 3973 682 4021 qnsru
701 3960 721 4007 si
739 3960 770 4008 sd
787 3959 893 4008 sceleris
911 3960 935 4008 iu
954 3959 1075 4008 interiore
1092 3961 1180 4008 domus
1197 3973 1328 4021 regressus

248 4039 306 4088 estl
323 4039 439 4100 lienique
457 4039 511 4099 ipss
531 4037 602 4086 verbi
622 4038 762 4101 reponendi
781 4037 863 4087 l‘orura
881 4046 1002 4100 suspects
1019 4052 1076 4086 esse
1092 4046 1186 4100 potest.
1220 4039 1329 4086 Veteres

248 4118 314 4167 euim
325 4117 503 4180 inscriptiones
515 4117 540 4166 iu
552 4117 677 4180 singulari
688 4131 792 4168 numero
803 4131 905 4181 semper
922 4119 1009 4167 rmlnrr
1020 4118 1123 4167 belreut.
1155 4119 1242 4168 Solum
1255 4117 1329 4170 Glos-
