3114 4830
245 366 309 433 724
667 384 699 431 c.
723 381 899 430 sunrouu

246 525 418 592 suetudine
441 523 631 599 salutasset,
653 528 689 588 ut
717 523 915 588 subditivum
930 520 1021 606 apud
1043 527 1172 606 putrem
1193 542 1331 606 arguere

245 633 385 691 conotus
398 633 460 689 est.
503 624 650 689 Amitnm
668 632 800 690 autem¹
828 625 1013 709 Lepidnm⁰
1030 644 1120 690 reum
1145 626 1332 690 testimonio

245 745 358 791 coram
374 725 503 802 afflixit,
525 725 713 806 gratificans
736 728 842 798 metri,
864 746 885 791 a
909 745 977 810 qun
1000 747 1057 792 ree
1071 727 1331 808 premebatur.²¹'

245 826 422 892 Deductus
435 827 470 890 in
485 825 608 889 Forum
620 827 706 902 tiro,q
721 827 850 909 populo
861 827 1074 909 congiarium,
1090 828 1186 892 militi
1202 828 1331 891 doneti-

244 947 321 994 vum
344 927 540 1011 proposuit:
572 927 761 1010 indictaque
783 927 995 992 decursione¹
1017 928 1234 1011 praetorianis
1257 946 1332 991 scu·

243 1035 337 1093 tum⁸
356 1047 418 1092 sna
439 1047 539 1092 manu
562 1028 728 1110 pretulit:
752 1031 850 1092 exin³
876 1030 961 1111 petri
993 1029 1117 1111 gratius
1145 1028 1179 1091 in
1206 1027 1332 1092 Senatu

244 1130 334 1211 egit.t
375 1127 478 1211 Apud
489 1129 625 1192 eundem
642 1127 819 1192 Consulem
836 1147 898 1211 pro
915 1128 1178 1192 Bononiensibus
1200 1127 1331 1205 Latine,

243 1249 305 1312 pro
321 1229 486 1293 Rhodiis⁴
508 1235 609 1312 atque
625 1228 804 1292 Iliensibus
819 1227 938 1292 Graece
953 1230 1054 1292 verba
1076 1228 1164 1292 iecit.
1208 1227 1332 1311 Auspi·
1431 1307 1435 1316 .

244 1341 340 1393 cetus
354 1334 406 1394 est
420 1335 455 1392 et
472 1327 737 1410 jurisdictionem
762 1326 950 1392 Praesectus
966 1327 1049 1394 Urbi
1065 1336 1102 1374 ⁵¹¹
1126 1349 1224 1394 sucro
1239 1329 1330 1394 Leti·

701 1519 879 1546 omn

242 1672 302 1718 tium
317 1668 381 1732 Arg.
393 1669 455 1719 Ant.
467 1668 614 1733 tityon-1
633 1667 675 1718 lte
694 1671 808 1730 reposuit
820 1671 941 1719 Berouid.
954 1671 979 1718 iu
997 1668 1063 1717 Edd.
1082 1668 1153 1716 Med.
1164 1682 1215 1718 sec.
1227 1669 1292 1716 Bon.
1304 1679 1332 1718 et

242 1733 374 1796 rescripsit
384 1732 454 1783 Oud.
466 1732 518 1782 tide
530 1732 626 1782 Medio.
637 1738 661 1782 i.
673 1737 697 1780 e.
711 1734 789 1784 Polit.
801 1735 865 1797 Cep.
879 1735 935 1796 Cuj.
947 1735 1020 1783 Voss.
1034 1735 1094 1780 item
1107 1734 1176 1781 Duo.
1210 1733 1240 1781 ln
1253 1733 1330 1782 Vind.

243 1802 267 1846 1.
283 1813 330 1847 um.
346 1801 424 1845 entem
435 1796 493 1860 ries,
504 1796 581 1844 Vind.
591 1789 616 1845 2:
632 1797 703 1846 Cort.
714 1799 793 1847 Fouc.
806 1799 881 1848 duob.
894 1799 983 1846 Burm.
999 1805 1027 1845 et
1040 1795 1105 1844 Edd.
1119 1795 1216 1858 primis,
1227 1795 1332 1860 niiisque

241 1860 978 1986 ittettttttt‘ttttttttttitttttt‘
994 1860 1332 1973 ittiittttrrittit

241 1988 391 2036 Eddvett.
403 1997 500 2050 preter
511 1988 583 2036 Rern.
602 2002 653 2036 see.
664 1987 724 2036 Aru.
741 1989 830 2052 steph.
847 1990 929 2036 Pulm.
945 1991 994 2036 dre.
1006 1993 1034 2036 et
1048 1989 1074 2037 in
1090 1986 1197 2050 priorib.
1212 1990 1333 2050 proposuit

241 2053 331 2100 indicte
349 2054 491 2100 decursione.
508 2051 586 2100 Prot.
609 2066 681 2114 seqq.
706 2049 792 2100 Hebet
814 2053 890 2101 Fonc.
913 2052 1145 2100 decessurumue-3
1163 2051 1206 2098 Its
1226 2051 1333 2100 Momm.

242 2114 339 2163 Medic.
360 2119 384 2162 2.
404 2115 473 2162 Dnn.
486 2115 559 2164 Voss.
575 2115 659 2162 exhinc
677 2115 775 2163 Medic.
788 2120 810 2163 l.
830 2120 853 2163 8.
867 2116 947 2165 Polit.
963 2115 1039 2163 vind.
1051 2119 1075 2164 2.
1088 2115 1167 2162 Fouc.
1179 2117 1243 2178 Cori.
1258 2115 1332 2165 Hnls.

241 2177 343 2240 Reliqui
356 2178 418 2226 Mes.
430 2186 457 2227 et
467 2177 533 2226 Eud.
545 2185 606 2228 unte
617 2178 703 2226 orer.
715 2179 806 2226 exinde.
833 2179 895 2228 Mox
912 2180 937 2227 ἐπ
948 2178 1060 2228 Senatum
1077 2177 1143 2227 Edd.
1158 2179 1229 2228 Rom.
1242 2180 1268 2228 ἐκ
1284 2194 1332 2229 ses.

239 2247 305 2300 grnt.
317 2241 392 2288 Vind.
405 2245 478 2290 l.-t
495 2241 579 2304 Vulgo
591 2247 616 2289 et
627 2256 670 2302 pro
682 2241 729 2289 Ru.
759 2243 882 2306 copulam
900 2242 997 2292 deterit
1009 2242 1078 2292 Oud.
1097 2242 1223 2290 unctorib.
1236 2243 1333 2295 Medic.

241 2304 320 2352 Petit.
332 2303 411 2352 Vind.
423 2309 447 2354 2.
457 2304 542 2352 Perit.
561 2304 677 2354 Heriem.
689 2305 805 2367 aliisque,
817 2313 844 2354 et
856 2305 921 2355 Edd.
935 2307 1007 2354 Vett.
1018 2313 1115 2368 prester
1132 2305 1232 2368 Grypo.
1246 2307 1331 2356 Pisur.

240 2370 290 2415 dcc.
322 2368 407 2416 Verbo
418 2368 513 2430 Latine,
524 2371 564 2432 dfe.
577 2383 656 2429 nsque
672 2367 705 2417 sd
717 2369 824 2418 Huncin.
838 2371 931 2419 desunt
951 2371 1047 2421 Medic.
1059 2373 1083 2418 Β.
1102 2370 1169 2418 Duu.
1189 2371 1262 2418 Voss.
1275 2373 1332 2435 an.

241 2437 288 2478 -t
309 2433 455 2481 Hencieet.
468 2439 593 2481 testentur
611 2433 716 2481 Merum.
733 2443 787 2496 opt.
800 2436 875 2483 Torr.
894 2433 989 2482 Medio.
1008 2438 1030 2482 1.
1051 2438 1074 2482 d.
1109 2433 1193 2494 Vulgo
1210 2435 1333 2496 prefectus

245 2495 326 2544 Urbis.
359 2496 390 2543 ln
400 2495 464 2546 Cod.
477 2496 550 2545 Gier.
566 2497 640 2558 etqui
652 2497 821 2557 jurisdprres.
835 2497 916 2547 Urbis.
949 2497 1018 2546 Ante
1032 2497 1113 2558 ipsum
1131 2496 1257 2544 edebatur
1270 2513 1332 2560 ρω-

236 2557 299 2617 serti
310 2558 381 2608 Urbis
391 2565 461 2622 utque
471 2559 527 2608 Lut.
540 2566 568 2607 nt
580 2560 605 2607 in
616 2559 691 2607 Vind.
703 2565 727 2609 2.
738 2561 810 2610 Cort.
823 2562 899 2610 Fonc.
913 2561 971 2624 Cuj.
984 2561 1152 2623 conspicitur,
1165 2561 1204 2608 rel
1213 2563 1332 2624 profertis

244 2621 317 2671 Urbis
326 2629 396 2684 utque
407 2623 437 2671 Ι..
452 2623 522 2686 'qnod
533 2623 628 2672 hubent
640 2625 739 2674 Medic.
755 2629 778 2672 8.
791 2626 857 2674 Duru.
872 2625 956 2674 Peris.
969 2625 1085 2674 Heriem.
1098 2624 1146 2673 Ed.
1158 2625 1223 2674 Ven.
1238 2629 1259 2672 i.
1269 2641 1331 2688 prce-

235 2685 311 2744 sectis
325 2687 396 2736 Urbis
406 2693 430 2736 st
441 2688 470 2736 L.
483 2687 558 2736 Vind.
573 2692 594 2734 i.
612 2687 738 2749 profectus
758 2690 831 2738 Urbis
847 2695 916 2752 utque
928 2689 958 2738 L.
975 2690 1026 2736 drrn
1042 2688 1127 2736 Puim.
1144 2689 1216 2736 Voss.
1232 2689 1330 2752 presec-

241 2753 280 2798 tur
305 2751 366 2800 Urbi
386 2765 495 2815 mque
513 2751 542 2802 L.
568 2751 646 2800 Petit.
662 2753 777 2815 presseris
793 2759 863 2816 utque
881 2753 940 2802 ΑΜ.
960 2753 1067 2816 prejecti
1092 2752 1164 2802 Urbis
1183 2767 1250 2801 socru
1272 2755 1331 2802 Bur.

730 2941 841 2992 Now

272 3059 285 3084 ⁰
301 3050 426 3114 Lepidam]
444 3050 572 3102 Amitern:
583 3066 661 3114 suprs
672 3067 731 3116 cup.
742 3060 766 3102 5.
805 3053 850 3105 lib.
864 3069 909 3104 ιιι.
921 3069 978 3118 cup.
990 3059 1015 3104 t.
1043 3053 1180 3104 Suetonius
1192 3067 1253 3104 rerc
1265 3055 1332 3105 inire

240 3134 268 3177 οἱ
279 3131 304 3176 ⁶·
805 3135 831 3183 iu
843 3134 927 3184 Gstbs
936 3149 993 3197 esp.
1003 3137 1028 3182 d.
1044 3139 1231 3196 ‘campestrem
1240 3132 1332 3180 decur-

272 3209 285 3244 1³
303 3201 468 3264 Premetntnr]
478 3201 766 3264 Agrippinsinridebst
805 3209 919 3258 sionem.'
952 3209 1018 3258 Erat
1028 3213 1054 3257 et
1066 3207 1116 3255 siis
1128 3205 1246 3255 decursio
1257 3205 1282 3254 in
1292 3205 1330 3256 fu·

241 3277 764 3348 iaspideproptergenerisclaritudinem
806 3284 877 3333 nebri
901 3297 1004 3348 pomos,
1032 3283 1065 3332 de
1090 3297 1142 3346 que
1169 3285 1195 3332 in
1224 3281 1330 3332 claudio

239 3355 295 3404 huc
311 3355 378 3404 euim
396 3353 515 3403 Antonin
535 3353 637 3416 msjoris
654 3354 714 3410 ntis,
732 3355 764 3404 si·
806 3371 862 3422 esp.
876 3364 898 3408 1.

240 3427 763 3494 quidemsererDomitiimtsuprrcsot.
836 3432 970 3495 'Scutnnss
999 3434 1057 3484 Quo
1079 3431 1256 3480 decursionem
1277 3447 1330 3481 nro·

272 3517 284 3550 t
309 3507 376 3572 Tiro]
403 3511 446 3558 De
466 3510 583 3559 tirocinio
602 3511 627 3557 in
649 3509 765 3570 Angusto
805 3508 951 3558 dersbstur.
996 3509 1038 3556 Sic
1060 3515 1087 3554 et
1109 3504 1174 3554 intio
1197 3505 1222 3553 in
1245 3507 1330 3555 Gotho

239 3598 299 3647 esp.
310 3587 351 3632 ²6.
386 3585 426 3632 De
438 3584 566 3634 donativis
584 3591 612 3634 et
628 3586 764 3649 congiariis
805 3597 863 3645 cup.
875 3587 898 3632 e.

241 3658 347 3709 indutio
358 3671 416 3722 cop.
426 3662 467 3708 2⁷.
836 3661 845 3691 ⁸
863 3659 963 3706 Gratius
973 3657 999 3704 iu
1011 3655 1098 3705 Senatu
1109 3653 1172 3715 egit]
1184 3655 1259 3704 Quod
1271 3655 1329 3705 huie

272 3733 453 3796 ‘DecurricrreJ
479 3734 521 3783 sie
542 3733 609 3796 apud
630 3735 714 3782 Turit.
734 3749 763 3783 u.
805 3733 947 3782 decursioni
961 3745 1069 3793 preesse
1081 3731 1247 3779 recoluisset.

239 3807 334 3858 Annei.
358 3807 633 3872 ‘exercitioeqnitnm
651 3808 763 3858 decursi·
836 3805 995 3867 ”Prefertus
1017 3807 1077 3856 Urbi
1097 3805 1196 3868 [Urbir]
1223 3805 1274 3854 Alii
1293 3808 1328 3856 ie-

241 3883 288 3933 bns
301 3883 441 3934 cohortium
453 3883 606 3933 interesser’
631 3884 685 3934 haeo
697 3884 763 3933 enin
803 3890 867 3947 gunt
886 3883 1009 3945 Profecti,
1028 3882 1111 3939 ursin
1136 3881 1242 3943 respicit
1262 3883 1329 3930 enirn

241 3959 359 4008 decursio
368 3959 484 4010 exercitii
499 3972 575 4008 censs
586 3955 674 4020 debet,
684 3966 712 4008 et
724 3967 764 4008 ter
803 3961 835 4008 sd
843 3973 939 4008 morem
947 3959 1088 4021 antiquum,
1096 3969 1146 4019 qno
1154 3956 1329 4018 magistrorum

239 4033 265 4082 tn
278 4035 389 4098 singulos
403 4047 512 4097 menses,
522 4047 554 4083 ex
566 4032 677 4096 Augusti
693 4033 763 4082 insti·
802 4035 921 4084 ineuntes
938 4035 1019 4098 primo
1038 4031 1079 4080 die
1100 4031 1209 4094 negotiis
1227 4033 1329 4094 quidem

241 4116 305 4156 tuto.
356 4110 468 4158 Eundem
497 4110 622 4172 Vegetins
651 4111 764 4173 appellnt
803 4110 993 4162 incumbebant,
1017 4106 1062 4155 sed
1084 4119 1133 4154 nou
1158 4113 1220 4162 toto,
1243 4117 1328 4169 neque

241 4185 505 4246 ‘compicursionem‚'
516 4186 561 4236 lib.
577 4199 595 4234 t.
613 4199 671 4248 cup.
686 4189 726 4234 27.
737 4193 765 4235 et
804 4182 1328 4248 laboriose;dolibebuntduntaxatsiiquid
