3090 4824
677 365 890 416 vrrnumus.
1256 357 1322 425 873

237 504 403 570 tutaretur.
446 507 505 590 [3.]
528 507 686 573 Decessit
709 511 885 594 paralysi,²
909 511 1011 575 attero
1042 511 1096 577 die
1120 504 1220 596 quam
1246 535 1321 580 cor-

238 613 350 688 reptus
374 613 435 685 est,
459 609 587 672 duobus
609 609 691 672 tiliis
713 611 958 694 superstitibus,
983 631 1068 696 quos
1092 631 1136 678 ex
1160 615 1316 695 Sextilia,

236 708 470 789 probatissima
498 729 560 774 nec
596 711 734 792 ignobili
765 712 911 790 foemina,
940 714 1050 778 editos
1080 714 1239 780 Consules
1268 719 1318 781 vi·

236 807 308 885 diti
323 817 357 874 et
370 811 524 893 quidem¹
549 811 665 877 eodem
680 815 797 878 ambos
821 821 959 899 totoque
981 835 1078 894 anuo,
1103 836 1177 880 cnm
1199 821 1317 904 majori

234 911 340 976 minor
362 913 395 976 in
425 931 486 976 sex
512 931 641 977 menses
669 916 900 980 successisset.
944 916 1144 982 Defunctum
1175 919 1317 986 Senatus

233 1013 370 1094 publico
393 1012 505 1078 iuuere
529 1013 721 1080 honoravit:
743 1017 822 1080 item
848 1021 957 1081 statua
981 1037 1042 1100 pro
1073 1017 1218 1097 Rostris,
1241 1040 1315 1086 cum

234 1111 297 1176 bac
314 1115 537 1196 inscriptione,
553 1133 729 1182 rrnrsrrs
753 1133 949 1182 ruuonrnrs
975 1135 1072 1182 nuos
1099 1136 1317 1187 sarsorenu.
1427 1103 1430 1110 λ

234 1211 369 1278 Aulus⁴
383 1215 540 1281 Vitellius
555 1217 594 1281 Ι..
610 1217 697 1282 lilius
720 1233 798 1282 rue.
817 1224 913 1283 nutus
934 1223 987 1282 est
1009 1226 1129 1285 octavo
1145 1219 1317 1286 Kalendas

235 1315 401 1395 Octobris,
417 1319 481 1396 vel,
498 1325 533 1382 nt
548 1320 694 1402 quidam,
710 1321 855 1404 septimo
872 1320 954 1384 Idus
972 1321 1189 1406 Septembris,
1205 1315 1317 1387 D'ruso

234 1415 392 1496 Caesares
412 1419 570 1486 Norbano
599 1422 724 1488 Flaeuo
760 1421 974 1487 Consulibus.
1018 1423 1211 1489 Genitnram
1233 1426 1314 1509 ejus,

231 1519 427 1602 predictam
443 1542 463 1586 a
477 1523 730 1598 mathematicis,
743 1525 791 1589 ita
811 1529 964 1607 parantes
986 1525 1249 1602 ιιιιίιοιιιιιιιιιιιὶ,ς
1279 1532 1317 1590 ut

231 1629 327 1703 puter
341 1643 459 1706 magno
475 1643 573 1706 opere
588 1645 717 1709 semper
733 1627 948 1703 contenderit,
960 1645 1001 1692 ne
1017 1645 1083 1711 qna
1098 1627 1129 1690 ei
1144 1628 1316 1711 provincia

231 1727 365 1789 viroso
388 1728 661 1808 committeretur3
683 1735 788 1793 mater
812 1738 847 1792 et
870 1728 1007 1792 missum
1023 1728 1065 1792 ad
1081 1726 1253 1808 legiones,g
1279 1735 1315 1793 et

232 1827 433 1909 appellatum
458 1827 718 1912 Imperatorem‚¹²
741 1849 802 1913 pro
826 1829 950 1894 afflicto
976 1827 1108 1894 statim⁶
1132 1828 1315 1894 lamentata

232 1928 287 2020 sit.
339 1927 520 1994 Pueritiam
550 1927 756 2016 primumque
786 1931 1046 1996 adolescentium
1076 1930 1213 2013 Capreis
1246 1930 1315 2012 egit

231 2027 315 2092 inter
329 2027 531 2094 Tiberiana⁷
554 2017 675 2108 scorta,
690 2038 724 2097 et
736 2033 810 2116 ipse
826 2037 986 2116 perpetuo
1002 2028 1176 2114 Spintriae¹
1191 2049 1315 2112 cogno·

230 2131 317 2194 mine
339 2139 484 2212 notatus,
508 2135 786 2220 existimatusque
807 2135 955 2220 corporis
981 2133 1087 2216 gratia
1108 2129 1260 2196 initium⁸
1282 2137 1316 2200 et

675 2331 791 2354 HOMO
794 2331 852 2352 me

229 2465 333 2512 iurentur
342 2463 419 2516 Vind.
430 2469 502 2515 1.-a
519 2467 552 2517 Et
565 2483 618 2530 por.
627 2469 724 2518 Medic.
735 2473 759 2519 0.
768 2468 883 2532 poratipri
895 2467 974 2516 Foue.
985 2465 1026 2514 aed
1036 2465 1111 2514 altero
1122 2461 1231 2513 uiuus.
1241 2465 1313 2515 Cort.

229 2527 296 2576 Dein
313 2529 409 2579 Sestilia
426 2531 531 2580 Memor.
548 2533 645 2582 Medic.
657 2537 681 2582 t.
699 2532 776 2582 vind.
788 2537 812 2580 a.
829 2546 886 2580 euru
903 2533 1001 2594 aliquot
1016 2531 1088 2578 'loru
1107 2529 1155 2577 Ed.
1169 2529 1242 2578 itum.
1260 2543 1314 2578 aee.

228 2589 327 2640 Sertitiu
343 2594 432 2656 Carnp.
451 2601 474 2642 et
492 2596 585 2644 Sexitiu
602 2596 766 2646 Heriem-t
784 2597 864 2645 Deest
880 2595 972 2656 quidem
982 2593 1046 2656 cop.
1077 2593 1317 2650 Transmontani

229 2655 355 2705 liuta-t
372 2657 415 2705 At.
431 2657 511 2706 Vitett.
528 2659 625 2709 Medic.
636 2665 659 2708 l.
670 2659 748 2710 Vlud.
761 2662 784 2708 i.
803 2659 858 2707 Pal.
872 2662 895 2706 l.
909 2661 933 2706 2.
947 2658 1012 2718 Cup.
1024 2656 1068 2705 Aa.
1083 2656 1111 2704 V.
1131 2657 1208 2704 Fouo.
1227 2671 1315 2706 errore

228 2732 261 2767 ex
280 2721 433 2782 compendio
450 2722 557 2770 numiui·
573 2723 605 2773 A.
621 2731 648 2772 ut
660 2723 685 2772 iu
703 2723 828 2788 pluribus,
842 2730 912 2782 nato,
923 2724 1042 2769 iuouetrta
1059 2719 1129 2769 Oud.
1154 2720 1238 2768 Paulo
1256 2728 1316 2769 aute

227 2784 291 2832 idern
307 2798 353 2845 pro
369 2785 427 2834 itm
442 2785 491 2834 Etl.
504 2783 629 2836 wolfi-t
647 2788 706 2839 Par.
723 2789 777 2836 ext.
788 2786 825 2835 ito
836 2787 902 2836 Euo.
913 2786 986 2834 Rom.
997 2798 1076 2844 raon.
1087 2799 1107 2834 a.
1117 2788 1179 2833 cort.
1188 2789 1237 2846 put.
1249 2783 1315 2832 Edu.

228 2847 337 2897 Caaaub.
350 2856 377 2898 et
389 2864 460 2914 seqq.
472 2849 494 2898 ei
506 2849 578 2898 deest
590 2852 684 2900 Medic.
698 2857 720 2902 l.
731 2867 772 2901 aec
785 2865 837 2914 qma
853 2865 919 2914 pm.
936 2850 1016 2899 lione.
1048 2848 1112 2897 'l'um
1124 2853 1146 2897 et
1162 2854 1238 2896 nater
1248 2848 1316 2898 Edu.

228 2911 337 2963 Catanb.
348 2915 429 2963 Scrir.
439 2917 487 2963 tre.
506 2919 530 2963 et
549 2917 636 2964 exulat
651 2931 666 2964 a
681 2915 766 2966 Perta.
778 2915 845 2965 Edu.
861 2915 982 2964 item-6
999 2913 1088 2962 Statim
1103 2911 1171 2962 baud
1182 2921 1317 2976 comparet

228 2977 253 3024 in
272 2977 331 3038 cuj.
350 2978 447 3027 Medic.
458 2983 482 3028 Ξ.
498 2978 547 3027 nial
568 2981 592 3028 in
613 2994 693 3043 marg.
713 2987 741 3030 et
755 2980 834 3042 ejecit
850 2981 920 3043 Lipa.
953 2979 1020 3026 Dein
1037 2977 1140 3040 primae
1156 2977 1217 3026 adet.
1236 2979 1314 3027 Fene.

228 3041 280 3090 Pro
293 3042 392 3104 capr&
408 3043 471 3092 daut
488 3044 573 3108 capitia
584 3045 659 3094 vora.
676 3045 744 3093 Dua.
755 3044 781 3093 iu
791 3058 842 3108 quo
852 3053 935 3107 captat
944 3056 991 3105 pro
1001 3056 1026 3090 r.
1038 3041 1104 3090 Ι.-7
1124 3041 1235 3090 liberino
1246 3040 1315 3091 Har·

227 3105 285 3153 lem.
307 3105 373 3154 add.
385 3107 450 3155 Veu.
461 3111 484 3155 l.
497 3109 568 3159 Med.
580 3123 619 3171 pr.
630 3109 704 3159 Catu.
716 3117 744 3159 et
756 3109 792 3157 ita
803 3109 919 3158 variatur
930 3105 998 3156 inira
1009 3120 1066 3168 cap.
1077 3109 1116 3154 rr.
1149 3105 1211 3155 Mox
1223 3107 1248 3153 ia
1262 3121 1315 3167 per·

226 3175 275 3231 pet.
288 3170 384 3220 Medic.
396 3177 429 3221 tr.
443 3173 506 3248 Cop.
521 3168 594 3220 Htrln.
606 3173 672 3222 unde
685 3172 754 3222 Oud.
765 3175 831 3236 conj·
841 3173 875 3222 ibt
887 3172 925 3221 vel
936 3171 1006 3232 inibi,
1022 3171 1063 3220 uel
1078 3169 1104 3218 t'a
1121 3175 1255 3232 perpetuom
1267 3185 1314 3246 pro

228 3242 390 3296 perpetuum.
423 3236 514 3284 Statim
533 3237 687 3300 Spintherioe,
705 3237 858 3300 Spbiuterioe,
874 3235 1000 3300 Spiaterioe
1017 3233 1081 3283 daut
1095 3234 1201 3282 Memm.
1218 3235 1314 3284 Metire.

229 3298 296 3346 liun.
314 3297 438 3347 Correud.
456 3301 602 3361 Copvurr.
620 3301 736 3350 Heriem.
747 3302 822 3350 Voss.
839 3301 906 3350 aad.
924 3301 995 3348 Rom.
1010 3311 1063 3347 rec.
1076 3296 1142 3346 Ven.
1154 3300 1178 3346 l.
1196 3297 1316 3359 Spiuterio

230 3361 355 3412 rone-:e
373 3363 448 3413 laitio
459 3363 538 3413 vind.
550 3369 574 3413 1.
586 3371 613 3414 et
624 3379 716 3416 eruum
728 3365 843 3415 Heriem.
857 3364 944 3414 Perta.
960 3377 1017 3414 cum
1036 3359 1102 3410 Eud.
1115 3375 1175 3410 rae.
1189 3374 1236 3412 xv.
1248 3361 1315 3411 lton.

717 3507 826 3560 NOTAE

262 3617 272 3660 t
290 3605 322 3656 Α.
334 3605 366 3654 U.
378 3605 407 3656 C.
416 3610 471 3656 801.
789 3619 819 3655 ιι.
832 3603 931 3655 liirtor.
948 3603 956 3632 ⁸
969 3609 997 3653 et
1015 3603 1071 3667 pari
1089 3605 1219 3668 probitate
1231 3609 1315 3654 mater

260 3681 364 3732 ‘mm
383 3683 489 3747 Coerore]
513 3682 586 3733 Auno
598 3689 656 3736 ibt.
667 3682 700 3734 ab
715 3685 749 3736 U.
788 3681 949 3732 Vitelliorum
971 3681 1089 3742 Sextilia,
1112 3681 1210 3746 antiqui
1228 3682 1314 3732 morit.

227 3761 256 3811 C.
267 3761 348 3824 primo
356 3767 415 3823 post
427 3759 536 3823 Augusti
549 3767 665 3818 mortem,
683 3767 711 3809 nt
723 3762 749 3809 in
788 3759 894 3809 Dixisse
905 3759 1046 3822 quinetiam
1058 3757 1090 3806 ad
1111 3757 1206 3820 primm
1217 3757 1263 3806 filii
1275 3757 1315 3806 rui

226 3835 345 3900 Augusto
354 3833 386 3884 arl
398 3849 422 3884 e.
433 3838 488 3884 1⁰⁰.
496 3847 547 3899 quo
559 3841 631 3896 patet
639 3842 750 3899 reptem-
789 3833 912 3899 epistolae
920 3830 1063 3894 ferebatur,
1071 3845 1123 3881 uun
1133 3831 1315 3882 Germanicum

226 3912 395 3962 deeimaunia
411 3911 532 3973 majorem
551 3909 652 3960 Otbone
671 3909 751 3962 futare
791 3923 859 3964 are,
879 3907 924 3955 aed
940 3905 1075 3954 Vitellium
1098 3905 1221 3968 genitum.
1256 3907 1314 3957 Nee

226 3987 367 4039 Vitellium.
400 3986 467 4036 Vide
479 3987 575 4037 intb.
587 3987 685 4037 adet.
790 3985 848 4034 uilia
870 3989 961 4044 postea
980 3979 1091 4029 fortuna
1113 3978 1250 4040 illecebris,
1270 3988 1315 4033 aut

258 4063 326 4114 rte
349 4063 463 4126 legiones]
493 4061 525 4116 Ia
548 4063 711 4113 Germaniam
734 4077 750 4112 a
790 4059 888 4110 ambitu
906 4055 1062 4110 eivitatium
1083 4053 1202 4116 gandium
1219 4057 1314 4117 evicta,

227 4138 321 4200 Galba,
331 4137 426 4188 iut'rae.
437 4142 462 4187 7.
790 4137 880 4186 domus
891 4147 942 4182 aua
955 4137 1051 4180 tautum
1064 4130 1171 4180 adversa
1179 4133 1276 4184 sensit.¹

258 4215 269 4249 ¹¹
286 4217 434 4282 appellatura
452 4213 629 4280 Imperatorem]
646 4191 752 4266 'l'aeitui
822 4213 829 4247 ¹
845 4209 973 4276 Spiatrioe]
991 4207 1129 4260 Iu'l'ib·arl
1142 4223 1197 4274 cap,
1209 4214 1250 4263 ta.
