3114 4832
648 353 851 404 eunomus.
1231 339 1296 404 687

208 497 400 580 Pompeiis‘
416 494 639 578 impuberem⁶
653 497 776 574 amisit,
792 497 891 580 piro,⁷
912 497 1092 580 pertusum
1109 497 1142 560 in
1157 498 1298 562 sublime

202 599 334 681 iactato
357 607 392 660 et
412 597 502 660 biatu
525 597 592 660 oris
614 607 767 679 excepto,
793 587 1053 679 strangulatum
1086 598 1141 661 cui
1166 606 1200 661 et
1223 604 1299 662 aute

209 717 337 782 peuces
357 698 428 762 dies
449 697 551 760 tiliam
574 698 683 780 Sejani
706 699 966 780 despondisset*
1012 697 1091 776 Quo
1112 700 1218 780 magis
1238 701 1300 762 mi·

207 819 274 876 ror,
289 799 405 876 fuisse,
421 799 480 882 qui
496 799 670 874 traderent,
685 800 801 863 fraude
817 819 838 864 a
853 801 975 883 Sejano
992 811 1152 864 necatum.
1197 798 1300 863 Clau·

209 899 309 975 diam,
338 919 383 962 ex
407 899 544 964 liberto⁸
570 920 631 964 suo
659 901 780 964 Botere
809 907 1016 983 conceptam,
1042 901 1195 982 quamvis
1224 907 1299 965 ante

208 1001 358 1081 quintum
381 1019 526 1062 mensem
551 999 687 1064 divortii
711 1007 834 1078 natam,
860 1001 970 1083 alique
993 1009 1148 1084 coeptum,
1172 1003 1300 1084 exponi

211 1107 323 1162 tamen
340 1099 406 1162 ad⁹
426 1101 537 1164 matris
557 1100 706 1182 januam,
722 1109 755 1163 et
771 1101 892 1164 nudam
910 1101 1014 1184 jussit
1028 1098 1152 1182 abjici!
1192 1101 1299 1164 Auto-

210 1201 300 1262 oiam
322 1199 383 1262 Cn.
404 1200 568 1281 Pompeio
590 1200 723 1280 Magno,
740 1199 860 1263 deinde
884 1199 1010 1263 Fausto
1025 1200 1151 1283 Syllam
1166 1203 1302 1264 nobilis·

211 1301 306 1364 simis
323 1299 518 1382 juvenibus,
543 1299 716 1363 Octaviam
742 1300 868 1363 Neroni
893 1301 1067 1382 privigno⁸
1083 1319 1145 1363 suo
1160 1301 1300 1364 colloca·

210 1402 289 1472 rite
317 1401 435 1463 Silano
470 1411 546 1464 ante
572 1400 818 1482 desponsatam.
874 1401 1113 1477 Britannicum,
1141 1401 1301 1464 vicesimo

211 1502 342 1582 imperii
358 1499 423 1575 die,
438 1501 537 1583 inque
553 1500 702 1564 secundo
719 1501 895 1564 consulatu
910 1508 1022 1564 natum
1037 1502 1112 1578 sibi,
1125 1502 1300 1582 parvulum

210 1604 310 1665 etiam
328 1607 408 1677 tum,
423 1607 457 1663 et
471 1602 607 1677 militi,¹⁰
627 1621 688 1684 pro
712 1603 871 1665 concione
890 1604 1041 1665 manibus
1064 1603 1134 1664 suis
1154 1611 1301 1684 gestans,

212 1705 245 1764 et
260 1701 360 1782 plebi,
375 1722 436 1782 per
450 1702 642 1784 spectacula
657 1702 780 1784 gremio
796 1711 853 1766 uut
865 1707 941 1766 ante
954 1721 991 1764 se
1003 1701 1301 1776 retinens,assidue

212 1801 475 1878 commendabat,
503 1801 688 1883 faustisque
724 1801 907 1866 ominibus¹
939 1821 1013 1864 cum
1042 1801 1301 1865 acclamantium

213 1902 309 1964 turba
320 1903 591 1984 prosequebatur.
623 1899 651 1963 E
667 1904 797 1982 generis
809 1901 973 1965 Neronem
989 1902 1184 1983 adoptarit:
1200 1900 1301 1964 Pom·

212 2002 323 2082 poium
338 2007 437 2084 atque
453 2001 600 2066 Silanum
616 2021 679 2065 non
695 2003 863 2066 recusavit
883 2002 992 2078 modo,
1008 2001 1065 2066 sed
1082 2009 1115 2066 et
1130 2001 1302 2065 interemit.

213 2277 342 2326 ePaetr'au
353 2277 459 2326 Memm.
479 2284 506 2325 ot
525 2275 563 2323 sie
582 2276 704 2325 Tere-b
724 2275 788 2325 Hoc
803 2273 949 2324 emendatio
968 2275 1037 2338 bips.
1056 2275 1087 2323 sd
1105 2233 1165 2323 Tac.
1179 2273 1246 2324 Anu.
1258 2289 1301 2324 rrr.

214 2345 255 2392 29.
269 2350 325 2403 post
338 2340 446 2390 Csssub.
458 2340 491 2389 sb
503 2341 597 2389 omnib.
609 2346 650 2389 est
662 2339 778 2402 probate.
811 2339 917 2388 Habeat
933 2341 1037 2388 Merum.
1050 2347 1075 2386 et
1089 2339 1154 2400 Cop.
1167 2339 1303 2401 Pompeium

213 2405 300 2466 inrpub.
329 2402 816 2468 1nrstiquisMss.etEdd.Pompeiam
831 2403 947 2464 puberem.
979 2403 1047 2451 Hinc
1066 2403 1124 2450 Urs.
1143 2401 1206 2450 fecit
1227 2404 1303 2450 Drse.

212 2471 375 2531 propemodum
393 2468 446 2530 pub.
469 2468 550 2516 Gron.
568 2467 679 2529 Pomptie
696 2467 782 2528 inrpnb.
803 2467 893 2514 nrainit
912 2481 958 2528 pro
976 2466 1149 2528 Pompeia-r
1169 2465 1198 2514 iu
1218 2467 1303 2516 multis

246 2547 280 2593 rs,
290 2533 334 2580 sed
348 2533 411 2580 runo
424 2531 474 2579 fide
485 2529 568 2580 codd.
580 2530 696 2592 reposuit
708 2529 777 2578 Oud.
796 2531 871 2593 Conj.
886 2531 972 2577 iinrrn.
987 2545 1069 2590 pruna.
1094 2531 1164 2578 Citat
1183 2529 1251 2592 Lipe.
1270 2531 1302 2577 ad

237 2610 275 2643 se.
293 2595 359 2643 buu.
373 2599 420 2643 too.
432 2602 484 2643 uot.
498 2593 574 2655 jacto,
593 2603 620 2642 et
639 2593 723 2641 omisit
740 2597 858 2652 strusgut.
877 2602 904 2640 et
916 2595 941 2639 in
954 2607 1032 2654 marg.
1050 2593 1096 2640 Ed.
1110 2595 1197 2652 priruae
1211 2593 1305 2652 iegitur

213 2660 404 2720 excepissent
415 2665 477 2712 sets,
490 2660 527 2706 uti
540 2658 676 2720 couJecere
690 2656 760 2716 Lips.
773 2657 854 2704 Gron.
867 2655 955 2703 Gresv.
967 2655 1091 2717 probante
1103 2655 1164 2702 Ern.
1181 2656 1314 2702 Ceterum-

214 2724 334 2784 strosffyi.
348 2723 452 2770 Merum.
464 2729 493 2770 ut
510 2721 630 2770 artbe-a
650 2721 683 2769 Ut
695 2719 737 2768 tr'b.
749 2720 840 2767 srrsdet
853 2719 910 2766 Urs.
936 2718 967 2766 ln
980 2719 1058 2766 Vinrt.
1072 2722 1096 2766 2.
1107 2732 1121 2764 a
1134 2732 1166 2764 m.
1179 2732 1218 2776 pr.
1229 2719 1303 2766 Bote-

215 2787 258 2842 rb',
270 2787 341 2834 Cort.
354 2786 447 2842 Ruteni,
460 2785 538 2834 Fouc.
550 2785 648 2834 Botere.
660 2783 742 2831 Sotere
752 2783 817 2844 conj.
830 2783 912 2830 Borrir.
924 2796 954 2828 ac
967 2781 1070 2830 Reines.
1093 2782 1145 2830 Pro
1156 2781 1233 2843 utique
1243 2781 1303 2844 Cuj.

216 2849 304 2910 utiquo.
323 2850 399 2897 Viurt.
412 2854 435 2898 1.
446 2849 479 2897 uli
489 2863 586 2912 quoque.
604 2847 688 2895 Verba
699 2847 755 2907 utiq.
764 2853 831 2908 crept.
843 2845 933 2892 desum
947 2845 1075 2894 Fene—9
1094 2847 1197 2894 Tandem
1204 2847 1234 2892 uri
1244 2845 1300 2906 Cuj.

215 2912 328 2974 promi.
353 2913 417 2960 'l'nur
434 2911 672 2961 morinensibus.
690 2910 777 2972 inquo
790 2907 1022 2958 uroxdesiderntur
1035 2911 1167 2956 Octavium.
1198 2909 1303 2958 Memor.

216 2989 274 3024 ennr
288 2975 343 3039 Cuj.
356 2977 399 3024 dat
412 2977 621 3038 desponsam-ro
637 2973 678 3022 its
691 2974 796 3022 Merum.
808 2971 905 3020 Medic.
926 2973 1002 3022 Poiit.
1021 2971 1099 3020 Viuri.
1110 2975 1134 3019 2.
1151 2971 1222 3019 Cort.
1236 2971 1303 3034 Cup.

217 3039 274 3102 an.
287 3049 313 3088 er
326 3041 495 3101 protulerunt
508 3040 578 3101 vulg.
588 3038 704 3086 militibus
717 3035 787 3084 Oud.
806 3039 866 3084 Ern.
885 3042 941 3085 truso
959 3037 1030 3086 etium
1045 3037 1094 3084 mit.
1107 3034 1183 3084 Vind.
1195 3039 1218 3084 2.
1232 3035 1303 3084 Cort.

217 3104 279 3151 Mox
297 3118 341 3166 pro
359 3105 489 3166 spectocsto
506 3103 585 3151 vind.
596 3106 620 3150 Ἃ.
638 3105 758 3164 perspecto
775 3099 845 3149 Dnn.
861 3113 943 3160 prov.
957 3100 1200 3162 bspertoerrtoetiem
1214 3099 1305 3162 cuj.-

218 3170 230 3215 i
252 3167 366 3216 Omnibus
387 3167 459 3216 Cort.
479 3166 546 3214 Edd.
561 3166 651 3225 Cemp.
671 3163 742 3213 Meo.
763 3164 835 3212 Csid.
855 3164 939 3212 Pane
957 3163 1089 3212 bominibus
1104 3164 1219 3211 Heriem.
1238 3163 1304 3213 Ertd.

217 3231 282 3278 Verr.
293 3235 317 3278 2.
334 3234 357 3279 8.
370 3239 396 3278 er
408 3243 578 3290 comprecare
590 3228 673 3277 Peris.
685 3227 751 3276 Edd.
763 3235 823 3274 aute
836 3225 945 3276 casaub.
957 3235 1050 3287 prater
1065 3229 1137 3276 Rom.
1154 3241 1206 3276 esc.
1216 3237 1242 3273 er
1254 3227 1306 3275 Be·

218 3293 305 3343 rosldi.
330 3295 422 3344 Statim
432 3308 520 3358 perseo.
533 3293 611 3343 Fouc.
623 3293 666 3358 qui
678 3301 706 3341 et
717 3291 848 3354 Sytinnum.
865 3291 939 3354 Legit
950 3291 1022 3341 Gtsr.
1032 3291 1116 3354 Pomp.
1126 3297 1196 3354 utque
1206 3289 1304 3354 Syron.

706 3450 813 3502 NOTAE

251 3556 262 3600 t
280 3547 310 3596 Α.
321 3548 355 3598 U.
366 3547 465 3597 (Lite.
782 3547 885 3596 timeret
905 3542 1051 3606 impuberes
1072 3543 1235 3608 desponderi,
1257 3547 1305 3596 boc

249 3629 261 3656 e
278 3621 406 3684 Pompeiis]
422 3621 538 3685 Pompeii
557 3622 616 3672 urbs
634 3626 661 3671 et
673 3619 741 3670 colo·
782 3628 831 3678 eet,
848 3621 976 3683 sponsatis
995 3620 1139 3683 celebrare,
1155 3635 1203 3668 non
1222 3636 1307 3684 posse,

218 3697 261 3746 oie
272 3697 297 3746 io
309 3711 353 3746 ors
364 3698 519 3761 Campania,
536 3712 618 3760 prope
635 3697 741 3746 Seruum
781 3694 994 3760 quemsdmodum
1007 3709 1054 3743 neo
1066 3696 1262 3745 matrimonium.

218 3769 333 3834 borium,
345 3772 434 3820 urbem
444 3772 557 3832 Stabiu,
566 3780 593 3819 et
601 3771 742 3820 Vesuvium
812 3767 929 3832 tame]
952 3769 1038 3833 Supra
1054 3785 1112 3834 esp.
1129 3775 1170 3820 2⁶.
1189 3779 1305 3820 notetum
1368 3807 1372 3822 .

215 3854 346 3896 nosteros
364 3847 408 3896 obi
428 3860 496 3896 eone
518 3846 598 3894 curer
612 3858 703 3894 oreore
717 3844 743 3894 rii
781 3843 887 3909 siiquid.

218 3922 311 3972 Stabis·
331 3920 744 3987 Vulgatileguotbici'osrpsien,
816 3924 827 3977 t
846 3917 879 3967 b.
890 3919 924 3967 U.
936 3917 965 3966 C.
975 3921 1033 3968 8⁰⁶.

214 3999 334 4059 osbern.
347 3995 743 4058 orreororreanualrpuieou·
816 4000 828 4036 Ι
845 3993 939 4041 Neroni
947 3991 1068 4054 privigno]
1084 3991 1307 4059 Agrippioeefflio,

213 4075 344 4136 ieetorsrrr
366 4081 479 4138 secutos,
499 4071 597 4122 iactum
619 4071 656 4120 sit
674 4071 744 4134 igno·
784 4067 818 4118 rie
830 4082 880 4132 quo
891 4067 957 4117 libro
969 4074 1093 4128 sequente
1104 4075 1169 4117 toto.

220 4148 447 4214 mbecnjuedem
466 4145 609 4212 scriptoris,
624 4147 667 4210 qui
679 4145 745 4198 exie·
819 4143 882 4207 tii.
893 4144 927 4193 U.
938 4142 1034 4205 0898.
