3084 4836
239 329 326 398 108⁰
581 339 781 391 excursus
806 339 982 390 sunnonis

240 499 308 540 sero,
330 482 484 532 destitutum
504 495 569 544 opus
588 481 746 546 negligentis
764 482 877 544 l'rejsut,
897 487 925 530 et
945 479 979 532 eis
996 475 1131 529 ilsdrleno
1150 479 1321 530 insteurstnrn
1403 455 1408 472 ⁶

241 563 330 614 fuisse.
346 561 388 610 Au
400 574 462 610 roro
472 560 594 610 credibile
603 569 651 624 est,
659 561 682 610 si
694 561 840 610 lledriesne
849 559 911 608 illud
920 573 983 622 opus
989 558 1153 618 eirsolrisset,
1164 559 1324 622 Suetonium,

242 644 287 706 spui
306 641 331 690 in
352 641 475 690 tlsuusni
492 641 550 690 enin
567 638 626 700 fnit,
643 641 754 690 eheolnti
773 641 861 702 operis
880 639 987 701 mortem
1006 637 1161 686 tributurum
1180 643 1233 686 tsrn
1255 637 1323 684 clere

244 719 365 770 Cleudiei
380 720 486 768 Msueet
501 733 574 782 ergo,
590 719 727 768 cuntium
747 720 855 780 primurn
871 716 1012 766 ebsolslsse
1024 718 1071 764 lsoc
1082 729 1158 778 opus,
1168 716 1324 764 lnstsurssee

244 800 351 863 priusnos
370 799 493 854 Nerusrs,
509 811 569 846 snos
588 797 755 846 lledrisnum.
794 797 918 846 Similiter
940 809 1019 860 eqsss
1039 795 1141 844 corties
1162 801 1191 842 et
1212 795 1326 842 &soles

245 877 538 943 perductesectsudio‚
555 877 600 926 sed
617 877 783 934 intermissos,
799 877 823 924 h.
841 891 865 926 e.
879 875 1011 938 nspiecrss
1030 888 1045 922 e
1062 873 1259 932 successorihus,
1277 883 1326 920 nec

244 957 308 1008 eetis
327 956 464 1017 diiigenter
482 964 658 1017 conservetur,
669 964 697 1005 et
716 957 775 1004 hiuc
792 955 913 1018 dilspses,
931 953 1085 1003 insteurerit
1102 953 1326 1015 vespesisnne,nt

246 1036 326 1084 docet
336 1034 471 1096 inscriptio
480 1034 547 1096 spud
559 1034 700 1084 (lrutemm
711 1049 737 1097 p.
749 1037 805 1083 lot.
818 1039 840 1083 1.
872 1031 962 1097 (Ocni.
974 1031 1093 1082 Febretrl
1104 1029 1240 1094 singuleris
1255 1029 1326 1078 libel-

250 1116 289 1163 lus
299 1114 333 1164 de
343 1113 459 1164 emisses.
471 1115 520 1164 lsc.
533 1113 594 1162 huc.
609 1111 697 1174 Wolf.)
1319 1097 1321 1102 ’

573 1383 828 1452 EXOURSUS
856 1383 1002 1452 XXIV.

657 1567 715 1617 »Ao
734 1567 819 1617 NER.
836 1568 866 1617 C.
884 1572 922 1618 lt.

284 1764 317 1811 lu
328 1764 375 1812 hoc
386 1763 471 1825 cepite
483 1761 617 1826 aliquoties
628 1761 781 1822 reprehendi
798 1761 898 1812 edetis
911 1759 1078 1811 indicavimus
1095 1759 1252 1815 stretoniunr,
1262 1757 1335 1823 qussi

252 1842 351 1904 lepsnm
372 1841 502 1897 mensoris,
524 1849 553 1890 nt
575 1841 674 1890 Neroni
698 1841 864 1899 ettribueret,
886 1855 943 1903 que
965 1840 1125 1902 superiorum
1148 1841 1333 1901 Imperatorum

253 1925 349 1968 essent.
384 1919 423 1966 lie
435 1933 466 1968 ee
477 1934 504 1967 re
515 1920 637 1968 nonnulle
647 1919 765 1968 universe
775 1919 903 1978 dicemus,
915 1926 942 1967 ut
955 1919 1032 1967 etism
1044 1917 1075 1965 sd
1092 1919 1141 1967 elie
1155 1918 1334 1966 historicorum

253 2000 311 2046 loce
322 1997 488 2060 intelligends
499 2005 527 2046 et
537 1997 688 2046 vindicsusle
701 1998 821 2060 prodesse
834 1997 941 2058 possint.

289 2075 401 2123 Primum
422 2077 500 2134 igitur
519 2075 579 2124 mihi
597 2075 729 2124 ridiculum
749 2075 858 2134 ridetur,
877 2075 936 2135 dici,
952 2075 1101 2124 Suetonium
1121 2075 1147 2123 ln
1162 2074 1200 2123 his
1212 2086 1335 2137 pecs-esse

255 2155 384 2202 memorise
399 2154 481 2214 lepsn.
515 2155 616 2202 Etenim
629 2153 717 2217 siquis
729 2154 840 2216 scriptor
857 2153 921 2201 elius
937 2154 1047 2216 generis,
1057 2161 1152 2212 orstor,
1164 2153 1337 2215 philosophus,

257 2239 302 2282 ent
313 2232 450 2295 poete,qnl
463 2232 546 2280 obiter
562 2247 617 2281 rens
636 2233 721 2288 telem.
741 2239 861 2296 tenquenr
879 2233 990 2295 exempli
1008 2233 1254 2294 cssse,sttingeret‚
1265 2230 1337 2291 ipep-

256 2309 359 2370 rlspsros
369 2312 508 2369 propassus
519 2317 680 2372 urgueretur,
697 2311 759 2360 ferri
778 2321 865 2375 posset
882 2312 938 2360 hec
950 2311 1123 2372 reprehensio.
1157 2311 1224 2360 Nem
1237 2311 1276 2357 lsls
1287 2322 1338 2357 non

259 2389 401 2438 secesseris
412 2397 451 2438 est
465 2391 575 2439 menime
585 2390 730 2452 titianus,
739 2391 809 2455 iique
820 2393 938 2453 exempis
950 2389 1005 2439 iere
1015 2405 1031 2438 e
1042 2389 1165 2440 memorie
1175 2389 1340 2452 depromunt.

258 2467 350 2531 lteque
362 2467 475 2518 ridemus
485 2476 513 2517 ot
524 2468 699 2530 concedimus,
717 2483 762 2519 sos
780 2470 907 2519 interdum
927 2470 1047 2519 memoris
1063 2470 1149 2532 lepeos
1158 2469 1185 2516 iu
1196 2467 1340 2516 nominihus

257 2545 371 2595 loccrnsn
383 2547 570 2611 hominumque,
581 2549 607 2596 in
619 2551 743 2610 numeris,
752 2553 803 2600 &c
834 2550 886 2600 Sed
901 2549 976 2610 longe
994 2550 1070 2599 slirer
1080 2556 1121 2597 est
1131 2549 1157 2596 in
1168 2547 1290 2595 historico
1300 2546 1340 2595 di-

258 2623 366 2687 lipeute,
376 2632 404 2674 et
414 2640 445 2674 eo
457 2626 523 2687 loro,
539 2627 581 2674 nbi
598 2633 639 2676 est
656 2627 729 2677 sedes
748 2629 852 2692 propris
870 2627 1016 2690 ergrrmenti
1032 2627 1158 2689 ellcujnrs
1174 2625 1208 2673 ihi
1226 2625 1341 2686 ineptum

260 2715 328 2758 esee,
338 2703 387 2763 sio,
398 2705 525 2754 memorius
536 2693 749 2768 lepsns'jectnre3
767 2709 847 2757 rrlntl
857 2708 883 2756 iu
894 2707 942 2754 hcc
950 2705 1065 2755 Suetonii
1075 2706 1142 2764 loro,
1152 2704 1196 2752 nbi
1205 2703 1343 2753 Suetonius

149 2824 154 2832 ,
260 2779 372 2831 institnit
383 2796 593 2846 commemorem,
606 2784 667 2848 qnid
679 2787 737 2835 nori
745 2787 838 2850 injure
849 2785 1013 2835 constitnerit
1027 2785 1107 2832 Nero.
1141 2783 1201 2832 Non
1212 2782 1253 2830 hic
1265 2795 1280 2830 s
1292 2793 1344 2828 sue·

260 2861 342 2910 moris
352 2861 468 2910 scrihere
484 2869 598 2924 poteret,
608 2871 653 2912 snt
666 2865 797 2915 scrihebst
808 2865 955 2920 Suetonius,
972 2861 1017 2912 sed
1029 2861 1128 2911 tebrrlss
1146 2862 1271 2925 politices,
1282 2873 1345 2924 qus·

262 2953 318 2987 rurn
338 2939 437 3000 coplsm
455 2954 578 2989 snmrnsro
595 2940 717 3002 hehebet,
736 2943 898 2997 consulebat.
915 2949 943 2990 ot
961 2941 1021 2989 hinc
1035 2940 1062 2988 in
1074 2939 1274 2989 commentemur
1286 2950 1345 2988 seoe

263 3017 405 3078 precipue,
415 3030 429 3064 e
441 3017 546 3068 Nerone
555 3021 707 3082 constitute,
723 3019 862 3070 referebat.
893 3021 920 3070 Si
936 3021 1012 3069 sllter
1031 3019 1096 3082 egit,
1109 3018 1175 3067 ursle
1191 3016 1346 3066 t'suctnsest

264 3094 377 3144 historici
389 3093 481 3158 officio,
492 3097 559 3159 qnod
576 3097 647 3146 nullo
663 3099 739 3147 ruodo
749 3099 821 3148 rredl
833 3105 928 3160 potest.
961 3098 1019 3148 Jssu
1036 3098 1079 3146 ille
1091 3095 1255 3159 reprehensio
1266 3094 1347 3141 multo

265 3171 296 3222 fit
314 3173 457 3237 ebesrrdior,
468 3174 489 3222 si
506 3177 657 3237 cogitemus,
674 3177 741 3227 unde
759 3193 792 3226 es
802 3177 881 3228 docte
891 3179 935 3227 sit.
968 3178 1069 3240 Nempe
1081 3183 1135 3224 tots
1145 3179 1346 3225 commoverere

265 3251 390 3314 Digestis,
400 3251 448 3302 isoc
458 3261 507 3309 est.
519 3267 569 3302 uon
579 3269 595 3302 e
605 3255 704 3316 iegibus
713 3265 742 3306 et
754 3257 836 3306 literis
848 3256 970 3320 puhlicis,
980 3256 1025 3306 sed
1037 3270 1053 3304 e
1071 3254 1143 3304 iihrls
1155 3261 1272 3301 reserum
1287 3251 1346 3313 jere

266 3331 455 3380 Consultornm.
487 3333 552 3384 Qure
564 3344 650 3384 eutem
661 3336 713 3385 iste
727 3337 848 3401 iniquiter
867 3343 895 3385 et
912 3336 1014 3384 inscitie
1028 3334 1154 3393 rst,.lure
1170 3331 1347 3379 Consultornor

267 3410 468 3460 Commeuterios
486 3412 519 3462 de
533 3413 593 3476 Jure
605 3429 736 3477 opponere
755 3416 881 3466 historicis
901 3415 926 3462 in
944 3413 1021 3462 rebus
1037 3411 1178 3461 historicis!
1202 3409 1242 3458 An
1253 3409 1278 3456 hi
1289 3413 1349 3456 rust

265 3487 380 3536 homines
389 3490 440 3548 isti,
451 3491 494 3553 qui
506 3493 531 3540 in
544 3495 620 3543 rebus
632 3493 759 3544 historicis
771 3495 828 3558 plns
838 3493 900 3542 fidei
912 3493 1033 3554 habesue,
1041 3507 1117 3555 quesn
1129 3491 1177 3552 ipsi
1189 3487 1312 3546 historici,
1322 3493 1351 3534 et

268 3565 285 3612 li
305 3566 408 3628 qrridem
421 3569 623 3630 diligentissimi?
640 3573 709 3636 Ergo
727 3573 868 3625 Sleidsnos.
884 3571 1014 3630 Theonoe,
1030 3567 1219 3626 Puteudortios,
1229 3566 1352 3628 olimque,

264 3645 385 3706 quemuis
397 3647 507 3707 insignes
520 3648 663 3706 historicos,
679 3651 800 3700 memoris
817 3651 900 3711 lspsos
916 3649 1041 3709 dicemus,
1058 3649 1080 3696 st
1091 3661 1143 3710 qne
1154 3646 1179 3694 in
1191 3659 1218 3692 re
1230 3643 1352 3692 historice

269 3723 302 3772 sb
324 3723 356 3772 iis
377 3725 529 3774 dissentient
550 3726 620 3776 luris
643 3729 767 3788 Consulti,
791 3727 969 3786 Finielthusii,
990 3725 1190 3779 Sclrneidesrini.
1216 3722 1352 3774 Treutleri.

269 3803 353 3852 imino
366 3803 500 3853 verninse
512 3803 627 3854 Consulti
640 3821 672 3856 ex
684 3809 812 3856 historicis
823 3807 978 3856 ementiendi
997 3814 1023 3854 et
1036 3801 1206 3866 redarguendi
1217 3809 1286 3856 erunt,
1302 3814 1352 3848 non

269 3885 294 3932 si
307 3897 339 3932 es
351 3883 411 3931 illis.
428 3883 497 3944 Ergo
507 3883 546 3930 sel
558 3885 594 3932 sic
605 3894 684 3934 toturn
697 3887 765 3935 istud
778 3886 1002 3949 reprehensionum
1015 3898 1095 3946 penos
1107 3882 1230 3931 concidit.
1247 3881 1355 3938 Verum,

270 3964 386 4025 quonism
396 3961 475 4023 prisci
487 3962 523 4010 illi
537 3963 601 4014 Jnre
620 3963 734 4014 Consrdti
748 3965 897 4028 plerumque
916 3963 1081 4014 studiosiores
1092 3962 1222 4010 litererusn
1234 3967 1262 4006 et
1272 3958 1356 4007 docti·

271 4055 329 4088 ore*
340 4049 422 4094 erent,
432 4054 506 4104 quens
518 4044 608 4100 nostri,
622 4059 723 4107 equum
734 4052 782 4104 est,
793 4045 855 4106 ipsis
867 4059 967 4108 qsscque
979 4043 1086 4104 consuli,
1099 4039 1184 4105 quood
1194 4037 1250 4088 tisri
1262 4045 1357 4102 potest·

273 4117 339 4168 Dico
351 4121 446 4184 iisque,
457 4120 516 4170 telis
529 4121 595 4176 locs,
606 4133 684 4186 etque
702 4124 851 4176 nominetins
865 4126 930 4186 trec,
946 4123 979 4173 de
996 4122 1088 4187 quihus
1109 4133 1204 4182 serusc,
1221 4117 1355 4168 concilisri
