3118 4852
611 353 856 406 FRAGMENTA.

489 627 608 692 Auctor
623 627 832 716 Etymologici
852 629 979 717 Magni.

184 815 188 824 ,
231 758 450 846 Ἀρχολίπαρος,
464 767 477 822 ὁ
493 767 617 849 λιπαρῶν
631 763 676 826 lua
690 765 785 849 ἀρχῆς
797 765 886 849 τύχῃ,
901 771 914 826 ὁ
929 766 960 826 in
975 768 1023 827 τοῦ
1036 763 1137 851 ἄρχειν
1150 762 1276 828 arretii·

188 883 278 939 μενος.
300 857 371 925 οὕτω
388 860 574 948 Τρᾶγκυλλος
587 866 648 950 rapi
664 865 869 946 βλασφημιῶν.

392 1062 447 1127 De
459 1061 696 1130 Grammaticis
710 1071 744 1130 et
759 1065 966 1132 Rhetoribns
981 1021 1084 1132 iibri.

191 1185 238 1260 D.
255 1192 465 1282 Hieronymus
487 1195 520 1259 in
539 1195 727 1282 prefatione
745 1195 893 1283 Cotologi
910 1195 1102 1282 Scriptorum
1123 1197 1275 1265 ecclesius·

664 1297 803 1362 tinorum.

230 1413 398 1490 Hortaris,
416 1415 553 1492 Dexter,
575 1419 618 1492 nt,
640 1415 868 1498 Tranquillum
889 1433 1045 1498 sequens,
1060 1413 1276 1482 Ecclesiasti-

187 1532 246 1577 eos
268 1515 448 1598 scriptores
471 1517 505 1579 in
527 1514 673 1579 ordinem
695 1515 862 1597 digeram:
893 1520 926 1579 et
953 1514 1042 1597 quod
1063 1515 1118 1580 ille
1140 1516 1174 1580 in
1196 1536 1275 1582 eon·

121 1729 123 1736 Ι
185 1615 351 1779 madia
372 1616 540 1680 literarum
569 1615 648 1680 viris
679 1614 758 1680 lecit
785 1615 977 1694 illustribus,
1005 1633 1068 1700 ego
1090 1618 1123 1680 in
1146 1619 1272 1682 nostris

431 1861 518 1929 lolem
538 1864 572 1928 in
596 1862 737 1949 Epistola
759 1863 803 1928 od
822 1861 1029 1931 Desiderium.

229 1998 357 2081 Scripsi
371 1998 489 2064 librum
505 1997 546 2064 ne
561 1999 743 2067 illustribus
762 1999 843 2064 viris
862 1999 907 2063 ab
922 1995 1097 2080 Apostolis
1109 2015 1216 2080 usque
1230 1997 1272 2060 ad

184 2106 325 2165 nostram
348 2104 490 2178 aetatem,
511 2101 660 2166 imitatus
674 2100 916 2182 Tranquillum,
931 2091 1153 2181 Graecumque
1166 2095 1272 2180 Apol·
1384 2162 1386 2174 ,

183 2195 316 2266 lonium.

560 2335 613 2400 Ex
637 2333 730 2399 libris
749 2333 894 2398 incertis.

431 2467 617 2534 Censorinus
638 2469 675 2533 de
696 2467 798 2532 natali
819 2466 869 2530 ute
890 2486 957 2550 cup.
972 2465 1027 2530 20.

226 2602 357 2668 Annum
383 2607 561 2668 vertentem
589 2601 711 2667 Roman
738 2601 890 2664 Licinius
919 2598 1050 2681 quidem
1082 2596 1207 2671 Macer,
1238 2602 1271 2662 et

182 2711 302 2788 postea
311 2703 510 2780 Fenestella,
521 2704 633 2768 statim
645 2705 688 2767 ab
700 2703 796 2767 initio
807 2700 983 2765 duodecim
996 2698 1153 2762 mensium
1165 2698 1279 2790 inisse

183 2805 403 2888 scripserunt3
426 2805 484 2868 ssd
510 2803 618 2885 magis
640 2803 746 2869 Jonio
764 2800 972 2878 Gracchano,
995 2806 1030 2862 et
1051 2798 1170 2864 Fulvio
1189 2796 1271 2862 Var-

182 2906 268 2986 roni,
279 2914 313 2970 et
324 2904 498 2984 Suetonio,
514 2905 669 2988 aliisque,
686 2903 895 2980 credendum,
908 2899 1091 2984 quideoem
1106 2898 1270 2964 mensium
1347 2959 1351 2968 ,

182 3012 382 3090 putaverunt
412 2997 527 3088 fuisso,
560 3013 597 3073 ut
627 3013 705 3070 tunc
726 3004 868 3070 Albanis
897 3007 981 3078 erat,
1002 3001 1088 3064 unde
1110 3000 1174 3065 orti
1198 2997 1269 3063 Ro»

182 3126 281 3173 maur.
792 3131 795 3138 ·

469 3252 510 3316 Α.
535 3251 656 3316 Gellius
679 3251 753 3316 Lib.
770 3268 834 3317 XV.
856 3273 923 3336 cop.
940 3253 972 3317 4.

226 3386 376 3451 Eundem
405 3387 551 3450 Bassum
587 3387 767 3452 Suetonius
799 3383 1013 3467 Tranquillus
1043 3380 1264 3467 praepositum

182 3507 258 3554 esso
279 3507 300 3552 a
327 3485 374 3550 Μ.
389 3485 537 3551 Antonio
559 3485 743 3568 provinciis
758 3484 996 3560 Orientalibus,
1012 3482 1217 3564 Parthosque
1231 3481 1266 3543 in

182 3589 312 3672 Syriam
335 3589 612 3669 introrumpentes
633 3575 739 3650 trinus
762 3586 805 3650 ab
825 3604 866 3650 co
888 3585 1013 3668 proeliis
1029 3583 1124 3648 susos
1139 3581 1265 3660 scribit,

182 3707 325 3773 eumque
340 3689 481 3772 primum
495 3688 639 3752 omnium
654 3687 696 3752 de
710 3685 845 3752 Parthis
865 3685 1099 3769 triumphasse,
1113 3690 1146 3749 et
1160 3689 1264 3748 morte

181 3793 273 3860 obita
286 3791 420 3876 publico
435 3790 547 3855 sunere
564 3789 731 3874 sepultum
745 3807 833 3854 esse.

459 3969 585 4036 Seruius
605 3971 640 4035 in
663 3967 812 4058 Eulogurn
837 3988 893 4035 ιιι.
915 3970 989 4036 105.

224 4108 325 4173 Dicta
349 4104 470 4171 ‘tulna’
492 4106 546 4169 ἀπὸ
560 4112 614 4169 τῶν
628 4105 745 4184 ὀλοῶν,
767 4105 801 4172 id
823 4111 886 4182 est,
906 4125 928 4170 a
945 4103 1106 4174 brachiis:
1128 4104 1216 4169 unde
1231 4105 1263 4166 at
