3104 4830
228 281 293 346 952
655 295 686 342 e.
710 291 889 342 susrourr

229 458 294 502 non
324 443 445 502 temere
467 435 560 500 alias.
605 434 645 498 In
673 435 751 500 bis⁹
773 442 824 500 tot
848 435 999 502 aduersis
1026 453 1066 520 uo
1092 435 1227 511 talibus,
1251 453 1317 498 uon

229 537 329 600 modo
352 536 519 618 Principis
548 535 803 622 solicitudinem,
847 537 905 600 sed
935 541 968 600 et
993 535 1141 617 parentis
1167 535 1318 598 effectum

229 641 365 706 unicum
380 636 557 720 praestitit:
580 656 669 702 nunc
697 635 900 701 consolando
922 656 984 718 per
1005 636 1128 712 edictu,
1143 654 1229 699 nunc
1243 637 1319 718 opi·-

230 739 383 814 tnlando,
415 743 578 819 qnatenus
592 747 618 776 ¹⁰
649 745 843 823 suppeteret
867 737 1022 802 facultas.
1068 734 1243 802 Curatores
1269 755 1318 800 re·

231 840 408 908 stitnendee
424 839 644 921 Campaniae‘
666 840 921 905 ecunsnlarinm
942 857 1078 922 numere
1101 845 1190 922 sorte
1212 839 1319 903 duxit.

229 940 328 1004 Bona
350 959 587 1021 oppressorum
603 942 637 1002 in
652 939 811 1013 Vesev0,¹
825 959 965 1021 quorum
981 939 1127 1004 haeredes
1142 957 1207 1002 nnn
1222 944 1317 1002 extu·

230 1043 323 1117 bant,
348 1041 550 1104 restitutioni
578 1041 986 1106 afflictarumrcivitntum²
1010 1041 1171 1108 attribuit.
1215 1038 1317 1102 Urbis

229 1139 385 1205 incendio
400 1141 493 1232 nihil,
508 1142 574 1206 nisi
589 1142 666 1220 sibi,
684 1143 818 1225 publice
831 1139 842 1176 r
860 1144 987 1226 perisse
1006 1147 1171 1217 testatns,³
1194 1147 1317 1204 cuncta

228 1243 471 1324 praetoriorumg
493 1241 1020 1325 snorumumamentaeperibus⁴
1042 1260 1083 1305 ac
1094 1240 1226 1322 templis
1241 1240 1315 1302 des·

229 1339 349 1405 tinavit
359 1355 376 1419 3·
390 1341 643 1423 praeposuitque
658 1342 846 1423 cumplures
866 1360 911 1404 ex
932 1342 1077 1424 equestri
1101 1341 1226 1416 ordine,
1251 1357 1316 1423 qno

229 1460 370 1524 quaeque
392 1442 553 1506 maturius
572 1449 809 1524 peragerentur.
854 1440 1031 1507 Medendee
1055 1441 1246 1515 valetudini,
1268 1440 1317 1518 le-

228 1542 425 1624 niendisque
449 1543 597 1620 morbis,⁵
628 1543 752 1606 nullum
781 1542 927 1606 divinam
950 1542 1192 1623 humanamque
1217 1559 1316 1622 opem

228 1660 293 1704 non
316 1642 475 1720 adhibuit,
491 1644 648 1724 inquisito
669 1641 780 1706 omni⁶
801 1640 1063 1708 sacrificiorum11
1085 1642 1314 1706 remediorum-

229 1761 294 1823 que
310 1729 439 1824 genere.
481 1743 575 1807 Inter
596 1742 739 1808 adversa
764 1749 946 1825 temporum
970 1749 1003 1808 et
1024 1740 1205 1808 delatoresi
1227 1761 1316 1806 mau-

233 2033 329 2084 Veruer'l
345 2035 423 2084 Viud.
435 2040 459 2086 a.
481 2037 553 2085 cort.
577 2035 702 2098 probante
719 2035 869 2086 Mercu-e
886 2036 922 2085 Ir'r
937 2036 1042 2086 Mearm.
1066 2036 1130 2084 Mox
1152 2037 1193 2084 red
1212 2001 1317 2098 parentis

229 2099 345 2148 Heriem.
358 2100 442 2148 Perit.
461 2100 527 2148 Edd.
545 2099 617 2149 Med.
637 2100 703 2148 Veu.
716 2099 782 2147 Bau.
804 2099 849 2164 eff.
866 2101 933 2149 nater
947 2113 1028 2163 marg.
1046 2100 1108 2148 Ant.
1127 2098 1228 2162 Gryph.
1244 2101 1315 2160 Llpr.

226 2162 321 2211 suadet
336 2163 407 2211 uniri.
440 2163 472 2211 ln
487 2163 551 2213 Cnd.
562 2164 633 2214 Curr.
645 2172 687 2212 ert
698 2163 790 2212 lacuna
807 2177 823 2210 n
835 2179 891 2212 voe.
915 2162 994 2227 affert·
1006 2178 1086 2227 nsque
1102 2163 1134 2210 ad
1147 2165 1245 2212 Domit.
1258 2178 1315 2226 cap.

228 2229 251 2274 2.
264 2239 319 2274 rue.
327 2227 505 2288 mutauere
516 2226 547 2274 In
559 2227 633 2276 Hulr.
642 2227 737 2276 derunt
747 2241 790 2289 per
800 2229 836 2276 ed.
848 2243 872 2280 rr.
883 2242 906 2274 o.
918 2243 941 2289 q.
959 2227 1028 2276 Ante
1038 2228 1125 2276 merul.
1134 2227 1207 2276 abent
1215 2239 1315 2289 prepu-

227 2287 311 2337 utto·
330 2289 428 2340 Medic.
448 2289 618 2346 staura-1
639 2289 738 2340 Verrem
757 2291 862 2340 Memm.
883 2291 961 2340 Viud.
981 2294 1006 2339 Ξ.
1025 2291 1098 2340 Cort.
1131 2291 1225 2339 Venerio
1246 2291 1315 2339 Durr.

226 2353 312 2402 Perre.
330 2353 550 2404 vomitantes.
589 2354 685 2405 veretro
697 2353 793 2402 Medic.
811 2359 834 2403 1.
850 2353 1083 2403 eumduub‘l'orr.
1125 2353 1315 2404 Verminl'nur.

232 2415 338 2466 remen
350 2417 446 2467 Medic.
458 2422 482 2466 Ι.
510 2416 592 2467 Vereis
603 2419 667 2481 Cep.
678 2418 746 2481 quud
759 2417 832 2468 malit
844 2418 913 2468 Oud.
924 2418 965 2467 hic
986 2425 1015 2467 et
1031 2418 1056 2466 in
1073 2417 1151 2466 Plinii
1173 2405 1236 2480 rltd,
1254 2433 1315 2467 enu-

227 2485 312 2528 trrete
327 2493 374 2542 pro
395 2481 552 2531 Verrem-2
571 2480 712 2531 Ciuitatirurr
723 2481 1009 2532 irremunerata.
1028 2481 1094 2531 Edd.
1116 2482 1186 2531 Ond.
1200 2480 1315 2532 Wolf.-

227 2546 242 2590 8
261 2543 332 2594 Nilrit
344 2543 408 2606 puer
417 2546 464 2594 airr'
473 2546 563 2607 perime
572 2546 679 2594 Memm.
690 2545 786 2594 Medic.
798 2550 822 2595 θ.
835 2546 914 2595 Pulir.
925 2546 1013 2608 per-irre
1024 2550 1078 2594 tert.
1087 2545 1150 2606 publ.
1178 2545 1275 2594 Medic.
1290 2549 1315 2594 2.

226 2606 305 2656 Viud.
317 2614 437 2671 uterque,
446 2610 534 2672 perime
544 2614 600 2660 terr.
611 2615 645 2659 ert
655 2609 720 2671 publ.
737 2623 802 2658 nnus
810 2609 881 2658 Turr.
894 2610 959 2658 aliur
970 2609 1031 2657 rrr'br'l
1040 2609 1128 2670 perlue
1139 2613 1193 2658 tert.
1205 2614 1240 2657 ert
1249 2608 1314 2672 publ.

226 2675 279 2732 opt.
291 2671 351 2719 ru'br'l
355 2672 420 2736 publ.
428 2672 516 2734 per-irre
524 2678 580 2722 tert.
591 2673 686 2722 ceteris
695 2673 801 2735 emireir,
810 2674 937 2736 prebente
949 2673 1005 2734 ipre
1017 2672 1094 2721 Torr.
1110 2677 1165 2721 tert.
1180 2673 1244 2734 publ.
1250 2673 1315 2734 peri·

225 2734 270 2781 nu
282 2735 351 2784 Drrn.
367 2735 427 2785 ar'lrr'l
435 2737 500 2799 publ.
512 2737 560 2786 atri
569 2736 616 2788 elbr'
625 2751 675 2800 per.
684 2742 738 2786 tert.
750 2737 807 2786 Pul.
819 2741 844 2786 2.
858 2738 923 2800 publ.
934 2751 983 2798 per.
996 2741 1051 2786 tert.
1061 2735 1121 2786 Pal.
1134 2740 1157 2784 l.
1172 2736 1262 2798 pertore
1273 2737 1315 2784 rel

223 2798 321 2858 periitne
335 2804 391 2849 tert.
402 2805 438 2849 ert
451 2801 516 2863 publ.
528 2801 584 2850 Pal.
595 2805 619 2850 ³.
645 2801 758 2850 Heriem.
776 2801 862 2850 Perit.
880 2801 965 2849 Pulm.
977 2806 1005 2848 et
1021 2799 1088 2848 Edd.
1101 2800 1174 2848 Vetr.
1186 2813 1267 2862 neque
1280 2799 1314 2848 ad

225 2861 285 2910 Ald.
298 2863 324 2910 in
334 2878 387 2927 qur
397 2864 474 2912 etium
482 2879 533 2926 per.
543 2869 599 2913 tert.
611 2864 673 2926 publ.
686 2865 741 2913 sine
753 2868 797 2914 ert.
821 2863 933 2913 Cumulo.
946 2863 1033 2912 mallet
1042 2879 1094 2926 per.
1103 2863 1169 2924 publ.
1179 2868 1214 2911 ert
1225 2869 1314 2913 tert.-

225 2923 330 2988 tConJ'.
346 2928 408 2977 Ου’.
422 2927 524 2989 pennen
540 2943 578 2991 up.
603 2928 668 2976 Mox
683 2927 873 3038 proponeriopue
889 2927 1004 2976 Vindl.
1029 2941 1073 2990 qne
1089 2928 1177 2975 exulat
1194 2941 1209 2974 ι
1228 2927 1313 2976 Perre.

224 2985 338 3037 Heriem.
350 2991 373 3038 E
392 2991 418 3036 d.
430 3003 490 3040 rue.
504 3003 550 3039 xv.
566 2991 714 3042 BnmJnrrt.
727 2991 809 3051 bugd.
847 3004 885 3052 νς.
910 2991 963 3040 Pro
973 2991 1099 3039 destinarit
1107 2991 1172 3054 Cep.
1188 2991 1314 3038 ordr'nurr't.

224 3050 304 3120 vind.
319 3056 342 3101 1.
357 3055 494 3114 pterea-b
513 3053 712 3104 noueremus.
729 3054 796 3103 Edd.
809 3054 876 3102 voa.
887 3057 912 3102 2.
924 3059 949 3104 8.
966 3053 1040 3104 Jum.
1053 3054 1136 3117 Lugd.
1150 3053 1214 3117 Arg.
1230 3055 1314 3102 Paulo

225 3121 286 3163 ante
297 3121 451 3177 quoquemrt.
469 3117 527 3178 cnj.
547 3118 684 3166 amendam
696 3117 821 3166 kintu-b
837 3119 882 3167 Sic
899 3131 932 3165 ex
951 3117 1060 3166 Tornre.
1079 3127 1108 3166 et
1123 3117 1195 3166 anr.
1214 3118 1312 3166 monitu

224 3177 307 3228 edidit
318 3179 401 3228 Scrir.
414 3188 442 3229 et
451 3193 525 3244 reqq.
535 3178 710 3243 ruffrrgautib.
723 3179 820 3232 Medic.
832 3181 900 3230 Dan.
912 3182 992 3234 Petit.
1001 3181 1060 3243 cuj.
1073 3182 1137 3246 Cep.
1148 3181 1223 3232 nnn.
1232 3181 1311 3244 ang.

717 3308 821 3360 NO'l’AE

255 3411 265 3436 ²
281 3404 444 3472 Restitqeadoe
477 3405 624 3469 Carpesia]
647 3405 747 3458 Cende·
787 3407 878 3456 bilaist
892 3406 1039 3469 sintpertus
1051 3409 1150 3454 tertrtu
1162 3411 1198 3456 ert
1213 3403 1319 3475 prena.

223 3477 341 3540 gratiane
353 3478 449 3527 Vereri
460 3477 579 3543 afflictre3
596 3481 662 3544 ignit
679 3483 747 3531 eninr
787 3484 909 3547 Optimus
920 3484 957 3532 ric
969 3501 975 3530 r
993 3483 1058 3532 urbia
1068 3483 1175 3532 aranu
1185 3482 1246 3531 ru'bil
1254 3483 1312 3547 put-

222 3552 276 3600 lere
287 3559 415 3615 gratentur
428 3551 522 3604 fueret.
786 3561 832 3610 lr'ee
839 3561 927 3622 periere
937 3564 1045 3620 terretur,
1056 3562 1097 3621 du.
1322 3557 1325 3564 “

255 3624 360 3688 fultra,
380 3628 429 3677 πίει·
448 3628 505 3690 rr'lri,
523 3629 627 3693 publice]
652 3629 744 3680 Trans·
818 3634 1029 3697 erratorum]
1046 3635 1123 3684 Villae
1139 3639 1200 3684 runt
1215 3634 1312 3698 megui-

221 3703 304 3766 ponlt‚
313 3702 516 3753 membranarum
524 3705 687 3768 auctoritate,
695 3706 744 3754 Cr·
785 3709 851 3760 fiere.
882 3710 926 3758 De
938 3709 1031 3772 quibus
1042 3709 1068 3757 iu
1079 3709 1147 3770 nug.
1158 3723 1182 3759 c.
1190 3713 1231 3758 ⁷2.

221 3779 293 3828 rnub.
306 3792 393 3828 vocem
407 3784 413 3806 ¹
424 3777 544 3840 publice,'
555 3788 583 3829 et
588 3780 676 3845 jungit
688 3777 763 3831 σιω*
817 3781 1235 3848 interpretamentum]
1249 3782 1311 3832 Tur·

221 3869 279 3904 rum
299 3854 376 3904 verbo
392 3853 536 3905 ‘terrerum'
566 3856 684 3908 Torreat.
706 3857 744 3906 in·
786 3860 884 3910 rentinr
903 3857 1009 3924 praefert
1028 3859 1197 3908 Turureenrir
1214 3857 1311 3908 nndtcir

221 3930 287 3992 quit,
298 3929 399 3980 varient
410 3929 513 3980 codices
524 3932 590 3983 bles.
621 3934 695 3986 unu·
705 3937 743 3986 ric
783 3937 931 3998 lectionum,
945 3934 1018 3984 Ormi
1026 3933 1295 3998 adnumeremur.

220 4006 315 4056 babet:
347 4007 420 4057 Urtr'r
441 4009 546 4060 turadia
569 4009 630 4060 aun
655 4014 744 4076 μήωι
814 4011 822 4046 ¹
848 4011 986 4074 Detutrrer]
1015 4011 1056 4060 Da
1082 4009 1121 4059 hir
1148 4009 1204 4073 jum
1231 4023 1310 4072 supra

219 4085 319 4131 terretur
335 4089 370 4132 ert
384 4083 481 4146 publice.
518 4084 594 4136 diter
616 4088 670 4138 rie:
694 4089 743 4139 Nr'·
784 4100 865 4152 rupe.
1322 4088 1325 4101 '
