3114 4828
227 285 291 349 710
651 298 683 344 e.
705 293 884 344 suuroun

208 441 320 505 'refici
335 440 412 504 cibo
434 444 613 522 oporteret,
640 457 681 500 an
701 437 852 502 immisso
876 455 935 520 per
959 435 1145 521 clysterem,
1167 440 1203 500 ut
1217 435 1313 520 quasi

230 542 430 606 abundantia
449 541 614 605 laboranti
638 540 738 603 etiarn
756 540 819 604 hoc
835 557 953 622 genere
969 538 1147 620 egestionis
1162 539 1316 601 subveni-

228 647 330 706 retur.
371 642 450 720 [45.]
474 641 568 706 Mors
583 638 678 725 ejus⁶
697 640 807 704 celata
824 648 891 732 est,-
910 641 1014 704 donec
1030 642 1120 704 eirca
1141 657 1316 702 successe·

228 751 316 808 rem·
331 746 440 808 omnia
451 743 687 808 ordinarentur.
734 741 850 824 ltaque
865 747 897 804 et
911 742 1010 824 quasi
1025 761 1086 824 pro
1103 760 1192 822 aegro
1205 740 1314 804 adhuc

228 853 311 924 :rota¹
325 851 482 926 suscepta
504 852 592 920 sunt,
612 848 645 907 et
663 842 789 906 inducti
812 831 872 925 per
893 842 1136 907 simulationem
1159 840 1314 913 cornoedi,

228 947 284 1030 qui
299 945 390 1009 velut
408 943 645 1008 desiderantem
668 943 883 1006 oblectarent.
929 943 1090 1007 Excessit
1111 943 1209 1006 tertio
1232 940 1314 1004 Idus

229 1046 399 1119 Octobris,
421 1045 539 1110 Asinio
568 1043 740 1120 Marcello,
772 1043 885 1107 Acilio
914 1043 1065 1108 Ariola⁷
1093 1023 1316 1118 Consulibus,t

227 1153 344 1231 quarto
360 1153 393 1212 et
407 1147 617 1228 sexagesimo
639 1146 763 1222 aetatis,
785 1145 917 1230 imperii
940 1145 1187 1229 quartodecimo
1207 1162 1315 1222 anno;

228 1247 468 1330 funeratusque
492 1251 545 1310 est
567 1246 697 1310 solenni
721 1247 915 1328 Principum
936 1265 1073 1329 pompa,
1097 1253 1130 1312 et
1151 1247 1183 1308 in
1201 1263 1314 1309 unme-

227 1369 298 1413 rum
330 1349 499 1413 Deorumu
528 1349 661 1412 relatus·
705 1345 816 1425 Quem
842 1346 1008 1423 honorem,
1032 1367 1053 1411 a
1077 1347 1213 1412 Nerone
1236 1346 1315 1409 des·

227 1451 361 1515 titutum
381 1457 394 1484 '
423 1442 660 1532 abolitumque,
691 1449 814 1532 recepit
852 1469 930 1512 mox
961 1469 1021 1533 per
1058 1448 1314 1531 Vespasianum.

228 1548 307 1628 [tu]
331 1550 502 1633 Praesagia
530 1551 645 1614 mortis
669 1548 742 1633 ejus
769 1551 940 1634 praecipua
968 1550 1123 1614 luerunt:
1148 1548 1313 1612 exortus⁸

228 1648 355 1715 crinitae
370 1651 488 1730 stellae,
503 1670 604 1735 quarn
626 1648 844 1715 ‘cometen’'
865 1659 1009 1732 vocant:
1032 1656 1225 1734 tactumque
1249 1648 1314 1713 de⁹

679 1847 862 1870 Olmmu

226 1980 300 2032 Iant.
312 1981 376 2042 Arq.
387 1981 495 2031 Ata-a
512 1981 552 2042 Ei.
560 1994 622 2030 ιιιιιι
641 1980 721 2030 Polit.
744 1983 797 2030 Pro
808 1980 987 2041 desiderantem,
999 1983 1065 2027 teste
1073 1978 1147 2028 Torr.
1160 1979 1248 2042 legunt
1259 1977 1314 2040 qui·

226 2047 284 2095 «tarn
292 2046 441 2096 deridentem
454 2047 528 2108 Couj.
539 2045 827 2094 Brrrnr.detiraatern.-I
838 2044 916 2093 Polit.
924 2043 968 2093 Ae.
981 2043 1071 2104 darete,
1083 2044 1157 2094 Cort.
1165 2042 1209 2092 Ar.
1218 2042 1314 2092 Arnelo.

226 2110 290 2159 'Iurn
316 2109 435 2158 ridentur
451 2109 529 2174 aliqui
551 2109 640 2172 tegtsre
659 2109 765 2158 LXIII.
781 2113 824 2157 aet.
850 2123 914 2173 qnos
934 2107 1057 2157 refutavit
1075 2107 1185 2158 Cunub.
1230 2107 1315 2167 Vulgo

225 2189 293 2222 anne.
318 2173 448 2223 Funeratus
458 2179 504 2231 eat,
514 2173 558 2222 red
570 2173 720 2236 queadduut
735 2172 799 2222 Mra.
818 2171 851 2220 0.
869 2181 896 2222 et
915 2171 982 2221 Edd.
1002 2179 1062 2221 anta
1073 2172 1183 2221 Caaanb.
1216 2170 1247 2219 ln
1265 2171 1314 2219 Ed.

225 2238 305 2289 Jnnlr.
317 2238 346 2288 Χ
350 2238 379 2287 V.
397 2253 437 2288 an.
471 2239 534 2287 Mox
553 2238 617 2300 legit
634 2237 694 2301 Guj.
712 2237 787 2294 Quen:
797 2235 851 2285 Issa.
862 2237 888 2286 r'n
901 2237 933 2285 Ν.
944 2238 969 2285 d.
980 2251 1005 2285 a.
1020 2251 1067 2284 rec.
1078 2251 1133 2284 :nex
1146 2236 1220 2283 liena
1229 2247 1272 2298 per
1285 2235 1314 2282 V.

168 2314 170 2318 ·
225 2313 388 2415 mque&
398 2303 521 2416 θειιῧιίοὸ.
536 2301 568 2376 ad
581 2301 672 2352 Aries.
683 2301 735 2351 fab.
746 2306 786 2350 81.
801 2301 915 2413 siginae:
929 2301 1038 2413 Mennimi
1048 2299 1127 2412 xlll'ul‘q.
1138 2299 1245 2411 1818ιέἰὲ
1257 2301 1315 2410 imin:

303 2401 309 2416 .
389 2383 470 2416 .a.
518 2380 609 2414 murae
651 2380 800 2414 enrrsuea
845 2380 872 2413 ιι.
933 2378 1024 2413 ,οιιιιι
1083 2379 1194 2413 ιι..--
1243 2377 1262 2410 ,τ

226 2437 253 2478 et
268 2435 354 2479 coarcte
370 2431 446 2478 Vind.
462 2434 486 2477 l.
502 2445 569 2492 quern
586 2383 650 2480 reg?
663 2430 714 2478 duo
724 2380 805 2479 qurr.
822 2377 933 2478 ming
944 2430 1016 2477 Cort.
1031 2433 1141 2476 cometen:
1161 2425 1227 2475 Edd.
1239 2426 1314 2475 Vett.

225 2509 283 2544 cunr
294 2494 429 2544 Perin-tt
440 2494 577 2558 Prepoait.
588 2495 617 2543 de
628 2494 727 2544 excidit
737 2494 763 2542 in
775 2493 824 2544 Ed.
836 2491 918 2542 (Iron.
934 2493 1015 2542 acesto
1026 2492 1092 2541 Veo.
1103 2494 1127 2540 l.
1158 2490 1223 2539 'rum
1236 2489 1314 2540 rerba

717 2651 823 2703 NOTAE

255 2778 266 2803 ⁰
297 2767 467 2831 dseeeremra]
497 2769 603 2818 ‘l'aeitne
628 2766 748 2817 ibidem:
788 2764 845 2813 ulus
866 2765 892 2814 in
910 2764 1088 2828 Panegyrico:
1107 2763 1231 2814 ‘Dicarit
1248 2763 1314 2813 roelo

224 2845 308 2894 ‘Dour
322 2858 363 2892 res
381 2842 505 2892 firmando
521 2843 632 2892 Neronis
643 2841 749 2905 imperio
786 2840 905 2889 Tiberius
915 2839 1071 2902 Angustum,
1083 2839 1129 2888 sed
1149 2847 1178 2888 ut
1195 2839 1314 2902 majesta·

224 2915 430 2980 eompenrrntnr‚'
438 2926 465 2966 et
474 2917 564 2966 andern
572 2931 628 2980 qua
638 2916 750 2966 bledae·
787 2916 820 2965 tis
832 2929 926 2966 numen
939 2915 1089 2975 induceret:
1109 2915 1244 2964 Claudium
1262 2915 1314 2964 Ne·

224 2995 316 3052 tonina,
329 2993 376 3041 nisi
388 2991 455 3054 quod
467 2991 499 3041 de
514 2991 636 3040 comedis
647 2990 716 3039 silet.
786 3005 825 3047 ro.
835 2991 880 3040 sed
894 2998 923 3041 ut
935 2989 1072 3041 irrideret!
1104 2992 1139 3040 Et
1150 2991 1205 3057 ipae
1221 2993 1312 3041 Sueto·

255 3066 430 3130 tdensantibus]
448 3065 500 3116 Qui
519 3077 599 3114 aanor
618 3064 651 3114 ab
668 3065 701 3114 U.
716 3066 747 3115 C.
786 3067 842 3116 nius
859 3073 1038 3116 consecratum
1053 3081 1068 3114 a
1085 3066 1191 3116 Nerone
1204 3073 1314 3116 testatur

224 3147 281 3192 898.
298 3141 395 3193 Christi
406 3155 468 3190 vero
479 3147 520 3192 88.
536 3142 587 3194 ent
597 3141 681 3192 etatis
691 3141 747 3204 ejus
786 3140 854 3192 iufra
865 3157 924 3204 cap.
934 3147 959 3192 9.
993 3141 1068 3192 Unde
1081 3143 1153 3193 leena
1162 3145 1203 3192 bie
1214 3144 1314 3192 nonnisi

224 3231 303 3268 anuos
322 3226 416 3268 exacta
433 3226 578 3280 nurnerant,
593 3217 611 3267 ii
629 3231 679 3266 non
696 3231 748 3266 anr-
786 3218 818 3266 de
826 3219 923 3281 templo
931 3216 1033 3268 Claudii
1043 3219 1234 3282 intelllgendus,
1244 3215 1314 3283 qued

223 3294 289 3358 plius
300 3307 375 3359 quaro
386 3298 426 3345 88.
438 3308 498 3344 aun.
509 3294 609 3344 dnobus
617 3296 747 3345 mensibus
786 3295 915 3346 :Nerone
927 3295 1087 3346 destructum
1097 3298 1268 3361 Vespasianus
1277 3298 1313 3347 in·

223 3384 254 3419 ac
278 3370 402 3420 tradaeIm
423 3369 532 3421 diebus:
550 3371 594 3421 sed
611 3371 748 3421 Suetonius
785 3371 920 3420 staurarit.
954 3370 1074 3435 aneap.
1086 3387 1142 3436 esp.
1154 3376 1176 3421 9.

223 3457 316 3495 anuum
328 3446 468 3508 incoeptnm
479 3444 568 3496 babuit
579 3459 625 3509 pra
635 3446 748 3509 comple·
818 3453 834 3478 '
852 3443 975 3505 Cometen]
1000 3444 1087 3509 Hujus
1100 3447 1214 3496 meminit
1230 3453 1257 3496 et
1269 3449 1314 3498 Se·

224 3529 259 3580 te,
270 3526 335 3569 utet
347 3520 418 3569 aliar.
787 3535 852 3572 neca
869 3520 914 3572 lib.
934 3535 982 3570 ru.
999 3523 1117 3572 Natural.
1136 3524 1235 3574 Quart
1253 3539 1313 3586 cap.

247 3595 521 3659 ¹¹qurueruurDeerrorr]
535 3595 701 3660 Apotheosinr
711 3597 749 3646 ia·
788 3603 827 3648 17.
840 3607 868 3648 et
883 3603 925 3648 89.
943 3606 971 3647 et
989 3597 1089 3648 Plinius
1103 3599 1148 3649 lib.
1160 3613 1190 3649 ιι.
1201 3615 1259 3663 cap.
1271 3607 1313 3651 98.

221 3671 325 3736 telligit,
336 3679 363 3722 ut
372 3681 399 3720 et
409 3671 474 3723 Iulii
485 3686 543 3736 cap.
554 3676 594 3723 88.
622 3673 747 3724 Tacitus:
786 3676 927 3725 ‘Cometes
939 3674 1024 3724 Greci
1045 3682 1150 3736 rocam,
1170 3676 1250 3726 nostri
1265 3679 1314 3726 cri·

218 3747 411 3812 ‘Coeleeteaqua
420 3747 528 3797 bonores
540 3747 648 3798 Claudio
656 3747 746 3798 decer·
786 3751 864 3814 ultas,
880 3750 1015 3800 horrentes
1034 3752 1105 3800 crlne
1126 3753 1275 3816 sanguineo,
1286 3761 1315 3802 et

222 3830 327 3886 uantur,
348 3830 376 3873 et
392 3821 489 3872 lunaris
511 3823 617 3872 solenne
638 3824 746 3887 perinde
787 3841 917 3876 comarum
935 3825 1011 3876 urode
1024 3827 1048 3875 in
1066 3827 1165 3877 vertice
1183 3829 1312 3892 hispidas:

222 3913 253 3948 ac
274 3901 339 3949 Divo
358 3899 474 3964 Augusto
496 3899 652 3962 celebratur,
670 3914 747 3950 oemu·
786 3901 926 3951 terrificum
945 3916 1037 3966 magna
1054 3914 1086 3951 ex
1099 3911 1173 3965 parte
1185 3904 1266 3966 aidan,
1282 3920 1314 3954 ae

219 3974 292 4023 lanta
303 3974 448 4039 Agrippina
458 3977 570 4041 proavita
585 3976 665 4028 lirim
677 3991 745 4040 mag·
785 3991 835 4026 uon
859 3979 951 4027 leniter
971 3978 1079 4040 piatum,
1099 3986 1128 4026 at
1145 3979 1214 4028 cirili
1231 3987 1314 4038 metu,

221 4047 394 4098 nideentiam.'
786 4052 899 4102 Octavio
908 4039 1029 4113 censui,
1037 4053 1181 4118 iterumque
1193 4055 1314 4118 Pompeii

253 4132 265 4157 '
281 4125 305 4174 Δ
318 4125 411 4175 Nerone
428 4125 579 4189 destitutum]
596 4127 680 4178 Aliter
691 4127 745 4176 Pll·
785 4129 1028 4188 stennenbrun:
1044 4129 1069 4179 iu
1081 4137 1239 4188 nostrorere
1249 4147 1314 4191 aro,
