<?xml version="1.0" encoding="UTF-8"?>
<!DOCTYPE html PUBLIC "-//W3C//DTD XHTML 1.0 Transitional//EN"
    "http://www.w3.org/TR/xhtml1/DTD/xhtml1-transitional.dtd">
<html xmlns="http://www.w3.org/1999/xhtml" xml:lang="en" lang="en">
 <head>
  <title>
</title>
<meta http-equiv="Content-Type" content="text/html;charset=utf-8" />
  <meta name='ocr-system' content='tesseract 3.04.00' />
  <meta name='ocr-capabilities' content='ocr_page ocr_carea ocr_par ocr_line ocrx_word'/>
</head>
<body>
  <div class='ocr_page' id='page_1' title='image "./operaomniaexedi01suetgoog_0116.png"; bbox 0 0 3114 4828; ppageno 0'>
   <div class='ocr_carea' id='block_1_1' title="bbox 232 294 920 372">
    <p class='ocr_par' dir='ltr' id='par_1_1' title="bbox 232 294 920 372">
     <span class='ocr_line' id='line_1_1' title="bbox 232 294 920 372; baseline -0.009 -3"><span class='ocrx_word' id='word_1_1' title='bbox 232 305 298 372; x_wconf 83' lang='grc'><strong>736</strong></span> <span class='ocrx_word' id='word_1_2' title='bbox 663 320 695 366; x_wconf 90' lang='lat' dir='ltr'><strong>c.</strong></span> <span class='ocrx_word' id='word_1_3' title='bbox 718 294 920 366; x_wconf 78' lang='lat' dir='ltr'><strong>sunrourr&#39;</strong></span> 
     </span>
    </p>
   </div>
   <div class='ocr_carea' id='block_1_2' title="bbox 234 452 1328 1550">
    <p class='ocr_par' dir='ltr' id='par_1_2' title="bbox 234 452 1328 1550">
     <span class='ocr_line' id='line_1_2' title="bbox 235 452 1325 540; baseline -0.007 -12"><span class='ocrx_word' id='word_1_4' title='bbox 235 464 391 528; x_wconf 83' lang='lat' dir='ltr'><strong>solatium</strong></span> <span class='ocrx_word' id='word_1_5' title='bbox 406 459 591 524; x_wconf 84' lang='lat' dir='ltr'><strong>dilationis⁵</strong></span> <span class='ocrx_word' id='word_1_6' title='bbox 608 477 650 524; x_wconf 89' lang='lat' dir='ltr'><strong>ac</strong></span> <span class='ocrx_word' id='word_1_7' title='bbox 663 477 777 534; x_wconf 74' lang='lat' dir='ltr'><strong>morse,</strong></span> <span class='ocrx_word' id='word_1_8' title='bbox 791 456 979 538; x_wconf 77' lang='lat' dir='ltr'><strong>legionibus</strong></span> <span class='ocrx_word' id='word_1_9' title='bbox 995 453 1192 540; x_wconf 74' lang='lat' dir='ltr'><strong>praeposuit.</strong></span> <span class='ocrx_word' id='word_1_10' title='bbox 1236 452 1325 520; x_wconf 76' lang='lat' dir='ltr'><strong>Con—</strong></span> 
     </span>
     <span class='ocr_line' id='line_1_3' title="bbox 235 557 1326 643; baseline -0.009 -14"><span class='ocrx_word' id='word_1_11' title='bbox 235 565 385 628; x_wconf 82' lang='lat' dir='ltr'><strong>sulatum</strong></span> <span class='ocrx_word' id='word_1_12' title='bbox 406 562 441 624; x_wconf 94' lang='lat' dir='ltr'><strong>in</strong></span> <span class='ocrx_word' id='word_1_13' title='bbox 464 580 561 624; x_wconf 89' lang='lat' dir='ltr'><strong>senos</strong></span> <span class='ocrx_word' id='word_1_14' title='bbox 582 560 777 643; x_wconf 90' lang='lat' dir='ltr'><strong>plerumque</strong></span> <span class='ocrx_word' id='word_1_15' title='bbox 797 577 929 622; x_wconf 87' lang='lat' dir='ltr'><strong>menses</strong></span> <span class='ocrx_word' id='word_1_16' title='bbox 945 558 1048 622; x_wconf 85' lang='lat' dir='ltr'><strong>dedit.</strong></span> <span class='ocrx_word' id='word_1_17' title='bbox 1092 557 1326 642; x_wconf 80' lang='lat' dir='ltr'><strong>Defunctoqus</strong></span> 
     </span>
     <span class='ocr_line' id='line_1_4' title="bbox 234 658 1327 735; baseline -0.009 -6"><span class='ocrx_word' id='word_1_18' title='bbox 234 669 324 730; x_wconf 88' lang='lat' dir='ltr'><strong>circa</strong></span> <span class='ocrx_word' id='word_1_19' title='bbox 350 661 525 727; x_wconf 75' lang='lat' dir='ltr'><strong>Kalendas</strong></span> <span class='ocrx_word' id='word_1_20' title='bbox 548 660 729 726; x_wconf 77' lang='lat' dir='ltr'><strong>lanuarias</strong></span> <span class='ocrx_word' id='word_1_21' title='bbox 755 661 859 724; x_wconf 85' lang='lat' dir='ltr'><strong>altero</strong></span> <span class='ocrx_word' id='word_1_22' title='bbox 883 679 901 723; x_wconf 88' lang='lat' dir='ltr'><strong>e</strong></span> <span class='ocrx_word' id='word_1_23' title='bbox 924 658 1141 735; x_wconf 59' lang='lat' dir='ltr'><strong>Consulibus</strong></span> <span class='ocrx_word' id='word_1_24' title='bbox 1164 659 1327 722; x_wconf 85' lang='lat' dir='ltr'><strong>neminem</strong></span> 
     </span>
     <span class='ocr_line' id='line_1_5' title="bbox 236 758 1326 844; baseline -0.01 -13"><span class='ocrx_word' id='word_1_25' title='bbox 236 765 424 843; x_wconf 81' lang='lat' dir='ltr'><strong>substituit3</strong></span> <span class='ocrx_word' id='word_1_26' title='bbox 451 763 645 844; x_wconf 77' lang='lat' dir='ltr'><strong>improbans</strong></span> <span class='ocrx_word' id='word_1_27' title='bbox 670 761 860 842; x_wconf 85' lang='lat' dir='ltr'><strong>exemplum</strong></span> <span class='ocrx_word' id='word_1_28' title='bbox 883 768 981 824; x_wconf 84' lang='lat' dir='ltr'><strong>vetus</strong></span> <span class='ocrx_word' id='word_1_29' title='bbox 1005 759 1155 824; x_wconf 82' lang='lat' dir='ltr'><strong>Caninii⁶</strong></span> <span class='ocrx_word' id='word_1_30' title='bbox 1179 758 1326 834; x_wconf 71' lang='lat' dir='ltr'><strong>Rebili,w</strong></span> 
     </span>
     <span class='ocr_line' id='line_1_6' title="bbox 234 860 1328 944; baseline -0.007 -12"><span class='ocrx_word' id='word_1_31' title='bbox 234 885 300 932; x_wconf 91' lang='lat' dir='ltr'><strong>nnc</strong></span> <span class='ocrx_word' id='word_1_32' title='bbox 315 866 371 930; x_wconf 89' lang='lat' dir='ltr'><strong>dic</strong></span> <span class='ocrx_word' id='word_1_33' title='bbox 390 863 561 928; x_wconf 85' lang='lat' dir='ltr'><strong>Consulis.</strong></span> <span class='ocrx_word' id='word_1_34' title='bbox 606 860 841 944; x_wconf 82' lang='lat' dir='ltr'><strong>Triumphalia</strong></span> <span class='ocrx_word' id='word_1_35' title='bbox 861 869 1070 926; x_wconf 89' lang='lat' dir='ltr'><strong>oruamenta¹</strong></span> <span class='ocrx_word' id='word_1_36' title='bbox 1093 862 1193 924; x_wconf 86' lang='lat' dir='ltr'><strong>etium</strong></span> <span class='ocrx_word' id='word_1_37' title='bbox 1217 879 1328 942; x_wconf 88' lang='lat' dir='ltr'><strong>quaes·</strong></span> 
     </span>
     <span class='ocr_line' id='line_1_7' title="bbox 234 962 1326 1047; baseline -0.008 -15"><span class='ocrx_word' id='word_1_38' title='bbox 234 969 332 1032; x_wconf 85' lang='lat' dir='ltr'><strong>toriae</strong></span> <span class='ocrx_word' id='word_1_39' title='bbox 347 966 520 1047; x_wconf 80' lang='lat' dir='ltr'><strong>dignitatis</strong></span> <span class='ocrx_word' id='word_1_40' title='bbox 534 972 585 1028; x_wconf 90' lang='lat' dir='ltr'><strong>et⁷</strong></span> <span class='ocrx_word' id='word_1_41' title='bbox 599 964 762 1028; x_wconf 90' lang='lat' dir='ltr'><strong>nonnullis</strong></span> <span class='ocrx_word' id='word_1_42' title='bbox 777 981 822 1027; x_wconf 83' lang='lat' dir='ltr'><strong>ex</strong></span> <span class='ocrx_word' id='word_1_43' title='bbox 837 965 982 1046; x_wconf 82' lang='lat' dir='ltr'><strong>equestri</strong></span> <span class='ocrx_word' id='word_1_44' title='bbox 995 962 1110 1028; x_wconf 88' lang='lat' dir='ltr'><strong>ordine</strong></span> <span class='ocrx_word' id='word_1_45' title='bbox 1124 963 1250 1039; x_wconf 86' lang='lat' dir='ltr'><strong>tribuit,</strong></span> <span class='ocrx_word' id='word_1_46' title='bbox 1264 979 1326 1024; x_wconf 91' lang='lat' dir='ltr'><strong>nec</strong></span> 
     </span>
     <span class='ocr_line' id='line_1_8' title="bbox 234 1063 1327 1150; baseline -0.008 -17"><span class='ocrx_word' id='word_1_47' title='bbox 234 1071 351 1150; x_wconf 87' lang='lat' dir='ltr'><strong>utiquo</strong></span> <span class='ocrx_word' id='word_1_48' title='bbox 366 1068 407 1129; x_wconf 90' lang='lat' dir='ltr'><strong>de</strong></span> <span class='ocrx_word' id='word_1_49' title='bbox 422 1085 524 1129; x_wconf 84' lang='lat' dir='ltr'><strong>causa</strong></span> <span class='ocrx_word' id='word_1_50' title='bbox 539 1065 683 1130; x_wconf 89' lang='lat' dir='ltr'><strong>militari.</strong></span> <span class='ocrx_word' id='word_1_51' title='bbox 729 1065 798 1128; x_wconf 70' lang='lat' dir='ltr'><strong>De8</strong></span> <span class='ocrx_word' id='word_1_52' title='bbox 819 1065 1014 1148; x_wconf 85' lang='lat' dir='ltr'><strong>quibusdam</strong></span> <span class='ocrx_word' id='word_1_53' title='bbox 1030 1064 1131 1127; x_wconf 88' lang='lat' dir='ltr'><strong>rebus</strong></span> <span class='ocrx_word' id='word_1_54' title='bbox 1144 1063 1327 1126; x_wconf 87' lang='lat' dir='ltr'><strong>orationes⁹</strong></span> 
     </span>
     <span class='ocr_line' id='line_1_9' title="bbox 237 1163 1328 1249; baseline -0.008 -14"><span class='ocrx_word' id='word_1_55' title='bbox 237 1170 281 1235; x_wconf 91' lang='lat' dir='ltr'><strong>ad</strong></span> <span class='ocrx_word' id='word_1_56' title='bbox 296 1171 456 1232; x_wconf 81' lang='lat' dir='ltr'><strong>Senatum</strong></span> <span class='ocrx_word' id='word_1_57' title='bbox 471 1168 602 1242; x_wconf 83' lang='lat' dir='ltr'><strong>missas,</strong></span> <span class='ocrx_word' id='word_1_58' title='bbox 616 1166 786 1249; x_wconf 79' lang='lat' dir='ltr'><strong>praeterito</strong></span> <span class='ocrx_word' id='word_1_59' title='bbox 803 1165 989 1244; x_wconf 79' lang='lat' dir='ltr'><strong>Quaesieris</strong></span> <span class='ocrx_word' id='word_1_60' title='bbox 1006 1163 1143 1238; x_wconf 73' lang='lat' dir='ltr'><strong>cilicio,y</strong></span> <span class='ocrx_word' id='word_1_61' title='bbox 1166 1183 1224 1246; x_wconf 89' lang='lat' dir='ltr'><strong>per</strong></span> <span class='ocrx_word' id='word_1_62' title='bbox 1237 1163 1328 1228; x_wconf 82' lang='lat' dir='ltr'><strong>Gou-</strong></span> 
     </span>
     <span class='ocr_line' id='line_1_10' title="bbox 237 1265 1327 1350; baseline -0.006 -17"><span class='ocrx_word' id='word_1_63' title='bbox 237 1271 359 1334; x_wconf 81' lang='lat' dir='ltr'><strong>sulem²</strong></span> <span class='ocrx_word' id='word_1_64' title='bbox 384 1268 576 1350; x_wconf 88' lang='lat' dir='ltr'><strong>plerumque</strong></span> <span class='ocrx_word' id='word_1_65' title='bbox 604 1268 776 1332; x_wconf 83' lang='lat' dir='ltr'><strong>recitabat.</strong></span> <span class='ocrx_word' id='word_1_66' title='bbox 820 1267 902 1348; x_wconf 89' lang='lat'><strong>[16.]</strong></span> <span class='ocrx_word' id='word_1_67' title='bbox 925 1266 1082 1331; x_wconf 87' lang='lat' dir='ltr'><strong>Founam</strong></span> <span class='ocrx_word' id='word_1_68' title='bbox 1110 1265 1327 1329; x_wconf 85' lang='lat' dir='ltr'><strong>aedificiorum</strong></span> 
     </span>
     <span class='ocr_line' id='line_1_11' title="bbox 239 1366 1328 1449; baseline -0.006 -15"><span class='ocrx_word' id='word_1_69' title='bbox 239 1369 340 1434; x_wconf 85' lang='lat' dir='ltr'><strong>Urbis</strong></span> <span class='ocrx_word' id='word_1_70' title='bbox 355 1385 476 1432; x_wconf 86' lang='lat' dir='ltr'><strong>novam</strong></span> <span class='ocrx_word' id='word_1_71' title='bbox 491 1367 705 1449; x_wconf 84' lang='lat' dir='ltr'><strong>excogitavit,</strong></span> <span class='ocrx_word' id='word_1_72' title='bbox 726 1375 759 1432; x_wconf 88' lang='lat' dir='ltr'><strong>ct</strong></span> <span class='ocrx_word' id='word_1_73' title='bbox 778 1375 817 1430; x_wconf 92' lang='lat' dir='ltr'><strong>ut</strong></span> <span class='ocrx_word' id='word_1_74' title='bbox 829 1375 905 1431; x_wconf 87' lang='lat' dir='ltr'><strong>unte</strong></span> <span class='ocrx_word' id='word_1_75' title='bbox 921 1367 1049 1430; x_wconf 86' lang='lat' dir='ltr'><strong>insulas</strong></span> <span class='ocrx_word' id='word_1_76' title='bbox 1063 1385 1104 1430; x_wconf 86' lang='lat' dir='ltr'><strong>ac</strong></span> <span class='ocrx_word' id='word_1_77' title='bbox 1119 1366 1238 1429; x_wconf 87' lang='lat' dir='ltr'><strong>domos</strong></span> <span class='ocrx_word' id='word_1_78' title='bbox 1253 1385 1328 1447; x_wconf 74' lang='lat' dir='ltr'><strong>por·</strong></span> 
     </span>
     <span class='ocr_line' id='line_1_12' title="bbox 236 1465 1326 1550; baseline -0.006 -16"><span class='ocrx_word' id='word_1_79' title='bbox 236 1471 325 1534; x_wconf 89' lang='lat' dir='ltr'><strong>ticos</strong></span> <span class='ocrx_word' id='word_1_80' title='bbox 352 1474 475 1544; x_wconf 83' lang='lat' dir='ltr'><strong>essent,</strong></span> <span class='ocrx_word' id='word_1_81' title='bbox 500 1467 542 1531; x_wconf 89' lang='lat' dir='ltr'><strong>‹le</strong></span> <span class='ocrx_word' id='word_1_82' title='bbox 567 1474 742 1550; x_wconf 79' lang='lat' dir='ltr'><strong>quarum¹⁰</strong></span> <span class='ocrx_word' id='word_1_83' title='bbox 766 1466 922 1531; x_wconf 84' lang='lat' dir='ltr'><strong>solariis·</strong></span> <span class='ocrx_word' id='word_1_84' title='bbox 943 1465 1097 1530; x_wconf 87' lang='lat' dir='ltr'><strong>incendia</strong></span> <span class='ocrx_word' id='word_1_85' title='bbox 1118 1476 1326 1530; x_wconf 87' lang='lat' dir='ltr'><strong>arcerentur:</strong></span> 
     </span>
    </p>
   </div>
   <div class='ocr_carea' id='block_1_3' title="bbox 695 1645 872 1667">
    <p class='ocr_par' dir='ltr' id='par_1_3' title="bbox 695 1645 872 1667">
     <span class='ocr_line' id='line_1_13' title="bbox 695 1645 872 1667; baseline 0 -2"><span class='ocrx_word' id='word_1_86' title='bbox 695 1645 872 1667; x_wconf 65' lang='lat' dir='ltr'><strong>eumenen</strong></span> 
     </span>
    </p>
   </div>
   <div class='ocr_carea' id='block_1_4' title="bbox 237 1757 1332 2895">
    <p class='ocr_par' dir='ltr' id='par_1_4' title="bbox 237 1757 1332 2895">
     <span class='ocr_line' id='line_1_14' title="bbox 238 1757 1329 1822; baseline 0.001 -16"><span class='ocrx_word' id='word_1_87' title='bbox 238 1767 299 1808; x_wconf 80' lang='lat' dir='ltr'><strong>aute</strong></span> <span class='ocrx_word' id='word_1_88' title='bbox 310 1761 377 1808; x_wconf 77' lang='lat' dir='ltr'><strong>curio</strong></span> <span class='ocrx_word' id='word_1_89' title='bbox 389 1760 517 1809; x_wconf 71' lang='lat' dir='ltr'><strong>Faue-s</strong></span> <span class='ocrx_word' id='word_1_90' title='bbox 538 1760 679 1809; x_wconf 79' lang='lat' dir='ltr'><strong>Dilectiosis</strong></span> <span class='ocrx_word' id='word_1_91' title='bbox 689 1761 765 1808; x_wconf 81' lang='lat' dir='ltr'><strong>vinu.</strong></span> <span class='ocrx_word' id='word_1_92' title='bbox 782 1765 805 1809; x_wconf 96' lang='lat' dir='ltr'><strong>l.</strong></span> <span class='ocrx_word' id='word_1_93' title='bbox 839 1761 904 1810; x_wconf 77' lang='lat' dir='ltr'><strong>Mur</strong></span> <span class='ocrx_word' id='word_1_94' title='bbox 918 1759 1032 1808; x_wconf 77' lang='lat' dir='ltr'><strong>Juuuurii</strong></span> <span class='ocrx_word' id='word_1_95' title='bbox 1047 1759 1112 1822; x_wconf 85' lang='lat' dir='ltr'><strong>Cup.</strong></span> <span class='ocrx_word' id='word_1_96' title='bbox 1135 1757 1249 1807; x_wconf 80' lang='lat' dir='ltr'><strong>llurlsm.</strong></span> <span class='ocrx_word' id='word_1_97' title='bbox 1267 1759 1329 1807; x_wconf 83' lang='lat' dir='ltr'><strong>citro</strong></span> 
     </span>
     <span class='ocr_line' id='line_1_15' title="bbox 238 1823 1330 1887; baseline -0.002 -15"><span class='ocrx_word' id='word_1_98' title='bbox 238 1825 297 1872; x_wconf 84' lang='lat' dir='ltr'><strong>Kul.</strong></span> <span class='ocrx_word' id='word_1_99' title='bbox 310 1825 371 1872; x_wconf 84' lang='lat' dir='ltr'><strong>Mss.</strong></span> <span class='ocrx_word' id='word_1_100' title='bbox 389 1823 511 1872; x_wconf 79' lang='lat' dir='ltr'><strong>Beroald.</strong></span> <span class='ocrx_word' id='word_1_101' title='bbox 529 1825 693 1887; x_wconf 76' lang='lat' dir='ltr'><strong>adimprobrurs</strong></span> <span class='ocrx_word' id='word_1_102' title='bbox 710 1825 807 1874; x_wconf 81' lang='lat' dir='ltr'><strong>Medic.</strong></span> <span class='ocrx_word' id='word_1_103' title='bbox 822 1828 892 1874; x_wconf 84' lang='lat' dir='ltr'><strong>l.-fi</strong></span> <span class='ocrx_word' id='word_1_104' title='bbox 914 1824 1008 1872; x_wconf 76' lang='lat' dir='ltr'><strong>Comini</strong></span> <span class='ocrx_word' id='word_1_105' title='bbox 1027 1823 1075 1874; x_wconf 86' lang='lat' dir='ltr'><strong>Ed.</strong></span> <span class='ocrx_word' id='word_1_106' title='bbox 1094 1823 1161 1870; x_wconf 84' lang='lat' dir='ltr'><strong>Veu.</strong></span> <span class='ocrx_word' id='word_1_107' title='bbox 1175 1827 1197 1870; x_wconf 99' lang='grc'><strong>1.</strong></span> <span class='ocrx_word' id='word_1_108' title='bbox 1219 1823 1330 1871; x_wconf 76' lang='lat' dir='ltr'><strong>conuiuii</strong></span> 
     </span>
     <span class='ocr_line' id='line_1_16' title="bbox 238 1885 1328 1952; baseline -0.001 -17"><span class='ocrx_word' id='word_1_109' title='bbox 238 1887 315 1936; x_wconf 76' lang='lat' dir='ltr'><strong>Fouu.</strong></span> <span class='ocrx_word' id='word_1_110' title='bbox 329 1887 598 1938; x_wconf 65' lang='lat' dir='ltr'><strong>enutriebam.</strong></span> <span class='ocrx_word' id='word_1_111' title='bbox 613 1890 677 1952; x_wconf 87' lang='lat' dir='ltr'><strong>Cup.</strong></span> <span class='ocrx_word' id='word_1_112' title='bbox 690 1888 767 1937; x_wconf 81' lang='lat' dir='ltr'><strong>Vosr.</strong></span> <span class='ocrx_word' id='word_1_113' title='bbox 781 1888 847 1936; x_wconf 85' lang='lat' dir='ltr'><strong>Edd.</strong></span> <span class='ocrx_word' id='word_1_114' title='bbox 863 1887 936 1936; x_wconf 84' lang='lat' dir='ltr'><strong>Rom.</strong></span> <span class='ocrx_word' id='word_1_115' title='bbox 948 1887 1032 1935; x_wconf 77' lang='lat' dir='ltr'><strong>Relulr&#39;</strong></span> <span class='ocrx_word' id='word_1_116' title='bbox 1043 1887 1127 1935; x_wconf 80' lang='lat' dir='ltr'><strong>Petis.</strong></span> <span class='ocrx_word' id='word_1_117' title='bbox 1144 1885 1257 1936; x_wconf 83' lang='lat' dir='ltr'><strong>Hurlem.</strong></span> <span class='ocrx_word' id='word_1_118' title='bbox 1271 1902 1328 1936; x_wconf 87' lang='lat' dir='ltr'><strong>cum</strong></span> 
     </span>
     <span class='ocr_line' id='line_1_17' title="bbox 238 1950 1330 2015; baseline -0.002 -15"><span class='ocrx_word' id='word_1_119' title='bbox 238 1950 305 2000; x_wconf 83' lang='lat' dir='ltr'><strong>Edd.</strong></span> <span class='ocrx_word' id='word_1_120' title='bbox 322 1952 387 2000; x_wconf 83' lang='lat' dir='ltr'><strong>Vsu.</strong></span> <span class='ocrx_word' id='word_1_121' title='bbox 403 1955 428 2001; x_wconf 74' lang='lat'><strong>2.</strong></span> <span class='ocrx_word' id='word_1_122' title='bbox 439 1956 464 2000; x_wconf 75' lang='grc'><strong>8.</strong></span> <span class='ocrx_word' id='word_1_123' title='bbox 478 1951 560 2013; x_wconf 72' lang='lat' dir='ltr'><strong>bugd.</strong></span> <span class='ocrx_word' id='word_1_124' title='bbox 571 1960 599 2001; x_wconf 86' lang='lat' dir='ltr'><strong>et</strong></span> <span class='ocrx_word' id='word_1_125' title='bbox 610 1953 705 2015; x_wconf 85' lang='lat' dir='ltr'><strong>plures.</strong></span> <span class='ocrx_word' id='word_1_126' title='bbox 726 1952 815 2000; x_wconf 78' lang='lat' dir='ltr'><strong>Rebilii</strong></span> <span class='ocrx_word' id='word_1_127' title='bbox 829 1953 895 2002; x_wconf 89' lang='lat' dir='ltr'><strong>Bou.</strong></span> <span class='ocrx_word' id='word_1_128' title='bbox 907 1951 998 2012; x_wconf 80' lang='lat' dir='ltr'><strong>Steplr.</strong></span> <span class='ocrx_word' id='word_1_129' title='bbox 1012 1951 1120 2000; x_wconf 75' lang='lat' dir='ltr'><strong>Pau-&#39;l</strong></span> <span class='ocrx_word' id='word_1_130' title='bbox 1138 1952 1220 1999; x_wconf 80' lang='lat' dir='ltr'><strong>Deest</strong></span> <span class='ocrx_word' id='word_1_131' title='bbox 1237 1952 1330 2011; x_wconf 86' lang='lat' dir='ltr'><strong>copula</strong></span> 
     </span>
     <span class='ocr_line' id='line_1_18' title="bbox 238 2014 1329 2078; baseline 0 -14"><span class='ocrx_word' id='word_1_132' title='bbox 238 2014 306 2064; x_wconf 84' lang='lat' dir='ltr'><strong>Edd.</strong></span> <span class='ocrx_word' id='word_1_133' title='bbox 315 2015 376 2063; x_wconf 83' lang='lat' dir='ltr'><strong>Sub.</strong></span> <span class='ocrx_word' id='word_1_134' title='bbox 388 2014 488 2078; x_wconf 84' lang='lat' dir='ltr'><strong>Gryplr.</strong></span> <span class='ocrx_word' id='word_1_135' title='bbox 500 2015 587 2065; x_wconf 86' lang='lat' dir='ltr'><strong>Pulm.</strong></span> <span class='ocrx_word' id='word_1_136' title='bbox 606 2024 634 2065; x_wconf 87' lang='lat' dir='ltr'><strong>et</strong></span> <span class='ocrx_word' id='word_1_137' title='bbox 649 2015 727 2063; x_wconf 90' lang='lat' dir='ltr'><strong>duob.</strong></span> <span class='ocrx_word' id='word_1_138' title='bbox 740 2017 803 2065; x_wconf 80' lang='lat' dir='ltr'><strong>Mur.</strong></span> <span class='ocrx_word' id='word_1_139' title='bbox 813 2015 888 2063; x_wconf 69' lang='lat' dir='ltr'><strong>&#39;loru</strong></span> <span class='ocrx_word' id='word_1_140' title='bbox 900 2017 942 2077; x_wconf 79' lang='grc' dir='ltr'><strong>ψιὶ</strong></span> <span class='ocrx_word' id='word_1_141' title='bbox 954 2029 1010 2062; x_wconf 87' lang='lat' dir='ltr'><strong>cum</strong></span> <span class='ocrx_word' id='word_1_142' title='bbox 1025 2015 1094 2077; x_wconf 84' lang='lat' dir='ltr'><strong>Lips.</strong></span> <span class='ocrx_word' id='word_1_143' title='bbox 1106 2014 1252 2062; x_wconf 74' lang='lat' dir='ltr'><strong>invertebat</strong></span> <span class='ocrx_word' id='word_1_144' title='bbox 1262 2015 1329 2076; x_wconf 76' lang='lat' dir='ltr'><strong>digit.</strong></span> 
     </span>
     <span class='ocr_line' id='line_1_19' title="bbox 238 2078 1329 2142; baseline 0.002 -16"><span class='ocrx_word' id='word_1_145' title='bbox 238 2093 308 2126; x_wconf 84' lang='lat' dir='ltr'><strong>uouu.</strong></span> <span class='ocrx_word' id='word_1_146' title='bbox 320 2083 344 2126; x_wconf 79' lang='lat' dir='ltr'><strong>et</strong></span> <span class='ocrx_word' id='word_1_147' title='bbox 354 2093 385 2126; x_wconf 76' lang='lat' dir='ltr'><strong>es</strong></span> <span class='ocrx_word' id='word_1_148' title='bbox 396 2093 432 2140; x_wconf 79' lang='lat' dir='ltr'><strong>eq.</strong></span> <span class='ocrx_word' id='word_1_149' title='bbox 445 2079 508 2141; x_wconf 85' lang='lat' dir='ltr'><strong>Guj.</strong></span> <span class='ocrx_word' id='word_1_150' title='bbox 520 2089 608 2128; x_wconf 82' lang='lat' dir='ltr'><strong>censet</strong></span> <span class='ocrx_word' id='word_1_151' title='bbox 619 2079 749 2128; x_wconf 73' lang='lat' dir='ltr'><strong>tomtntoro</strong></span> <span class='ocrx_word' id='word_1_152' title='bbox 761 2079 801 2128; x_wconf 85' lang='lat' dir='ltr'><strong>vel</strong></span> <span class='ocrx_word' id='word_1_153' title='bbox 814 2094 835 2126; x_wconf 87' lang='lat' dir='ltr'><strong>s.</strong></span> <span class='ocrx_word' id='word_1_154' title='bbox 848 2095 873 2142; x_wconf 85' lang='lat' dir='ltr'><strong>q.</strong></span> <span class='ocrx_word' id='word_1_155' title='bbox 884 2078 1034 2127; x_wconf 80' lang='lat' dir='ltr'><strong>desiderari.</strong></span> <span class='ocrx_word' id='word_1_156' title='bbox 1069 2078 1099 2126; x_wconf 92' lang='lat' dir='ltr'><strong>ln</strong></span> <span class='ocrx_word' id='word_1_157' title='bbox 1112 2079 1195 2128; x_wconf 75' lang='lat' dir='ltr'><strong>Puris.</strong></span> <span class='ocrx_word' id='word_1_158' title='bbox 1205 2079 1329 2138; x_wconf 62' lang='lat' dir='ltr'><strong>emirati,</strong></span> 
     </span>
     <span class='ocr_line' id='line_1_20' title="bbox 238 2142 1328 2206; baseline 0 -16"><span class='ocrx_word' id='word_1_159' title='bbox 238 2155 313 2190; x_wconf 79' lang='lat' dir='ltr'><strong>crura</strong></span> <span class='ocrx_word' id='word_1_160' title='bbox 331 2142 407 2191; x_wconf 73' lang='lat' dir='ltr'><strong>liter·</strong></span> <span class='ocrx_word' id='word_1_161' title='bbox 417 2158 437 2190; x_wconf 84' lang='lat' dir='ltr'><strong>s.</strong></span> <span class='ocrx_word' id='word_1_162' title='bbox 457 2143 555 2190; x_wconf 81' lang='lat' dir='ltr'><strong>Medic·</strong></span> <span class='ocrx_word' id='word_1_163' title='bbox 566 2145 590 2190; x_wconf 70' lang='lat'><strong>2.</strong></span> <span class='ocrx_word' id='word_1_164' title='bbox 607 2143 769 2192; x_wconf 70' lang='lat' dir='ltr'><strong>mantili-8</strong></span> <span class='ocrx_word' id='word_1_165' title='bbox 786 2143 817 2192; x_wconf 91' lang='lat' dir='ltr'><strong>lu</strong></span> <span class='ocrx_word' id='word_1_166' title='bbox 837 2143 903 2192; x_wconf 86' lang='lat' dir='ltr'><strong>Edd.</strong></span> <span class='ocrx_word' id='word_1_167' title='bbox 917 2142 989 2191; x_wconf 86' lang='lat' dir='ltr'><strong>Vett.</strong></span> <span class='ocrx_word' id='word_1_168' title='bbox 1009 2143 1131 2206; x_wconf 82' lang='lat' dir='ltr'><strong>usquead</strong></span> <span class='ocrx_word' id='word_1_169' title='bbox 1144 2143 1254 2190; x_wconf 84' lang='lat' dir='ltr'><strong>Csuuub.</strong></span> <span class='ocrx_word' id='word_1_170' title='bbox 1267 2144 1328 2191; x_wconf 83' lang='lat' dir='ltr'><strong>item</strong></span> 
     </span>
     <span class='ocr_line' id='line_1_21' title="bbox 238 2205 1330 2269; baseline 0 -15"><span class='ocrx_word' id='word_1_171' title='bbox 238 2205 299 2254; x_wconf 82' lang='lat' dir='ltr'><strong>Ern.</strong></span> <span class='ocrx_word' id='word_1_172' title='bbox 311 2205 370 2269; x_wconf 85' lang='lat' dir='ltr'><strong>Bip.</strong></span> <span class='ocrx_word' id='word_1_173' title='bbox 382 2221 440 2254; x_wconf 86' lang='lat' dir='ltr'><strong>oum</strong></span> <span class='ocrx_word' id='word_1_174' title='bbox 453 2214 562 2269; x_wconf 83' lang='lat' dir='ltr'><strong>utroque</strong></span> <span class='ocrx_word' id='word_1_175' title='bbox 574 2206 652 2256; x_wconf 80' lang='lat' dir='ltr'><strong>vinu.</strong></span> <span class='ocrx_word' id='word_1_176' title='bbox 665 2207 737 2256; x_wconf 87' lang='lat' dir='ltr'><strong>Cort.</strong></span> <span class='ocrx_word' id='word_1_177' title='bbox 756 2207 853 2256; x_wconf 85' lang='lat' dir='ltr'><strong>Medic.</strong></span> <span class='ocrx_word' id='word_1_178' title='bbox 865 2211 888 2255; x_wconf 79' lang='lat'><strong>2.</strong></span> <span class='ocrx_word' id='word_1_179' title='bbox 909 2206 978 2255; x_wconf 90' lang='lat' dir='ltr'><strong>Duu.</strong></span> <span class='ocrx_word' id='word_1_180' title='bbox 989 2207 1046 2255; x_wconf 81' lang='lat' dir='ltr'><strong>Pal.</strong></span> <span class='ocrx_word' id='word_1_181' title='bbox 1060 2209 1082 2254; x_wconf 91' lang='lat' dir='ltr'><strong>l.</strong></span> <span class='ocrx_word' id='word_1_182' title='bbox 1100 2207 1157 2268; x_wconf 88' lang='lat' dir='ltr'><strong>Cuj.</strong></span> <span class='ocrx_word' id='word_1_183' title='bbox 1170 2207 1245 2254; x_wconf 83' lang='lat' dir='ltr'><strong>Voss.</strong></span> <span class='ocrx_word' id='word_1_184' title='bbox 1258 2205 1330 2254; x_wconf 84' lang='lat' dir='ltr'><strong>uddl·</strong></span> 
     </span>
     <span class='ocr_line' id='line_1_22' title="bbox 238 2269 1331 2334; baseline 0 -16"><span class='ocrx_word' id='word_1_185' title='bbox 238 2275 282 2318; x_wconf 86' lang='lat' dir='ltr'><strong>tur</strong></span> <span class='ocrx_word' id='word_1_186' title='bbox 294 2271 335 2318; x_wconf 77' lang='lat' dir='ltr'><strong>sed</strong></span> <span class='ocrx_word' id='word_1_187' title='bbox 343 2275 374 2324; x_wconf 81' lang='lat' dir='ltr'><strong>et,</strong></span> <span class='ocrx_word' id='word_1_188' title='bbox 387 2270 455 2318; x_wconf 83' lang='lat' dir='ltr'><strong>nude</strong></span> <span class='ocrx_word' id='word_1_189' title='bbox 467 2269 587 2318; x_wconf 83' lang='lat' dir='ltr'><strong>Beroald.</strong></span> <span class='ocrx_word' id='word_1_190' title='bbox 600 2278 627 2320; x_wconf 80' lang='lat' dir='ltr'><strong>ct</strong></span> <span class='ocrx_word' id='word_1_191' title='bbox 638 2271 681 2319; x_wconf 81' lang='lat' dir='ltr'><strong>ulii</strong></span> <span class='ocrx_word' id='word_1_192' title='bbox 692 2285 749 2319; x_wconf 86' lang='lat' dir='ltr'><strong>eum</strong></span> <span class='ocrx_word' id='word_1_193' title='bbox 762 2271 851 2320; x_wconf 88' lang='lat' dir='ltr'><strong>Burru.</strong></span> <span class='ocrx_word' id='word_1_194' title='bbox 863 2271 1041 2332; x_wconf 75' lang='lat' dir='ltr'><strong>distinguunt:</strong></span> <span class='ocrx_word' id='word_1_195' title='bbox 1058 2272 1087 2318; x_wconf 78' lang='lat' dir='ltr'><strong>dc</strong></span> <span class='ocrx_word' id='word_1_196' title='bbox 1095 2285 1157 2318; x_wconf 80' lang='lat' dir='ltr'><strong>rous.</strong></span> <span class='ocrx_word' id='word_1_197' title='bbox 1170 2271 1280 2334; x_wconf 77' lang='lat' dir='ltr'><strong>militari,</strong></span> <span class='ocrx_word' id='word_1_198' title='bbox 1291 2272 1331 2319; x_wconf 82' lang='lat' dir='ltr'><strong>red</strong></span> 
     </span>
     <span class='ocr_line' id='line_1_23' title="bbox 238 2333 1331 2396; baseline 0.002 -16"><span class='ocrx_word' id='word_1_199' title='bbox 238 2333 301 2381; x_wconf 79' lang='lat' dir='ltr'><strong>etde</strong></span> <span class='ocrx_word' id='word_1_200' title='bbox 330 2333 460 2382; x_wconf 57' lang='lat' dir='ltr'><strong>uiuamus.</strong></span> <span class='ocrx_word' id='word_1_201' title='bbox 476 2335 599 2382; x_wconf 84' lang='lat' dir='ltr'><strong>Ornl.sed</strong></span> <span class='ocrx_word' id='word_1_202' title='bbox 611 2348 677 2382; x_wconf 86' lang='lat' dir='ltr'><strong>corr.</strong></span> <span class='ocrx_word' id='word_1_203' title='bbox 689 2334 756 2382; x_wconf 85' lang='lat' dir='ltr'><strong>idem</strong></span> <span class='ocrx_word' id='word_1_204' title='bbox 775 2334 1103 2396; x_wconf 75' lang='lat' dir='ltr'><strong>Buruurrrletdrquiburd.</strong></span> <span class='ocrx_word' id='word_1_205' title='bbox 1118 2334 1174 2382; x_wconf 81' lang='lat' dir='ltr'><strong>uliis</strong></span> <span class='ocrx_word' id='word_1_206' title='bbox 1187 2349 1210 2381; x_wconf 84' lang='lat' dir='ltr'><strong>u.</strong></span> <span class='ocrx_word' id='word_1_207' title='bbox 1222 2333 1331 2382; x_wconf 84' lang='lat' dir='ltr'><strong>ciuilibus</strong></span> 
     </span>
     <span class='ocr_line' id='line_1_24' title="bbox 237 2350 1330 2460; baseline 0.004 -17"><span class='ocrx_word' id='word_1_208' title='bbox 237 2397 287 2446; x_wconf 80' lang='lat' dir='ltr'><strong>reb.</strong></span> <span class='ocrx_word' id='word_1_209' title='bbox 305 2350 413 2446; x_wconf 61' lang='lat' dir='ltr'><strong>ssorvitt.</strong></span> <span class='ocrx_word' id='word_1_210' title='bbox 432 2400 473 2448; x_wconf 77' lang='lat' dir='ltr'><strong>secl</strong></span> <span class='ocrx_word' id='word_1_211' title='bbox 489 2403 512 2446; x_wconf 86' lang='lat' dir='ltr'><strong>et</strong></span> <span class='ocrx_word' id='word_1_212' title='bbox 530 2398 637 2460; x_wconf 78' lang='lat' dir='ltr'><strong>quibusd.</strong></span> <span class='ocrx_word' id='word_1_213' title='bbox 655 2399 760 2460; x_wconf 77' lang='lat' dir='ltr'><strong>regibus.</strong></span> <span class='ocrx_word' id='word_1_214' title='bbox 793 2398 842 2447; x_wconf 87' lang='lat' dir='ltr'><strong>llla</strong></span> <span class='ocrx_word' id='word_1_215' title='bbox 860 2401 900 2448; x_wconf 80' lang='lat' dir='ltr'><strong>reti</strong></span> <span class='ocrx_word' id='word_1_216' title='bbox 916 2403 939 2446; x_wconf 82' lang='lat' dir='ltr'><strong>et</strong></span> <span class='ocrx_word' id='word_1_217' title='bbox 957 2399 1043 2447; x_wconf 82' lang='lat' dir='ltr'><strong>deleta</strong></span> <span class='ocrx_word' id='word_1_218' title='bbox 1060 2396 1192 2446; x_wconf 77' lang='lat' dir='ltr'><strong>fuerunta</strong></span> <span class='ocrx_word' id='word_1_219' title='bbox 1210 2399 1281 2448; x_wconf 81' lang='lat' dir='ltr'><strong>Torr-</strong></span> <span class='ocrx_word' id='word_1_220' title='bbox 1302 2407 1330 2447; x_wconf 85' lang='lat' dir='ltr'><strong>et</strong></span> 
     </span>
     <span class='ocr_line' id='line_1_25' title="bbox 240 2460 1329 2524; baseline 0.001 -15"><span class='ocrx_word' id='word_1_221' title='bbox 240 2460 351 2518; x_wconf 74' lang='lat' dir='ltr'><strong>casaub.</strong></span> <span class='ocrx_word' id='word_1_222' title='bbox 364 2475 378 2508; x_wconf 92' lang='lat' dir='ltr'><strong>e</strong></span> <span class='ocrx_word' id='word_1_223' title='bbox 392 2463 442 2509; x_wconf 90' lang='lat' dir='ltr'><strong>suls</strong></span> <span class='ocrx_word' id='word_1_224' title='bbox 455 2461 517 2510; x_wconf 77' lang='lat' dir='ltr'><strong>Mus.</strong></span> <span class='ocrx_word' id='word_1_225' title='bbox 529 2462 675 2524; x_wconf 83' lang='lat' dir='ltr'><strong>probantib.</strong></span> <span class='ocrx_word' id='word_1_226' title='bbox 692 2462 781 2511; x_wconf 83' lang='lat' dir='ltr'><strong>Graev.</strong></span> <span class='ocrx_word' id='word_1_227' title='bbox 793 2462 875 2512; x_wconf 85' lang='lat' dir='ltr'><strong>Gruu.</strong></span> <span class='ocrx_word' id='word_1_228' title='bbox 886 2461 955 2512; x_wconf 88' lang='lat' dir='ltr'><strong>Oud.</strong></span> <span class='ocrx_word' id='word_1_229' title='bbox 967 2461 1142 2520; x_wconf 69' lang='lat' dir='ltr'><strong>suffragantib.</strong></span> <span class='ocrx_word' id='word_1_230' title='bbox 1158 2461 1261 2510; x_wconf 77' lang='lat' dir='ltr'><strong>lienum.</strong></span> <span class='ocrx_word' id='word_1_231' title='bbox 1273 2461 1329 2510; x_wconf 81' lang='lat' dir='ltr'><strong>Pul.</strong></span> 
     </span>
     <span class='ocr_line' id='line_1_26' title="bbox 240 2524 1330 2588; baseline 0 -16"><span class='ocrx_word' id='word_1_232' title='bbox 240 2525 319 2573; x_wconf 83' lang='lat' dir='ltr'><strong>duob.</strong></span> <span class='ocrx_word' id='word_1_233' title='bbox 331 2524 429 2573; x_wconf 85' lang='lat' dir='ltr'><strong>Medic.</strong></span> <span class='ocrx_word' id='word_1_234' title='bbox 439 2529 463 2573; x_wconf 94' lang='grc'><strong>1.</strong></span> <span class='ocrx_word' id='word_1_235' title='bbox 474 2529 499 2574; x_wconf 74' lang='lat' dir='ltr'><strong>s.</strong></span> <span class='ocrx_word' id='word_1_236' title='bbox 518 2525 598 2573; x_wconf 87' lang='lat' dir='ltr'><strong>Polit.</strong></span> <span class='ocrx_word' id='word_1_237' title='bbox 619 2526 684 2588; x_wconf 87' lang='lat' dir='ltr'><strong>Cup.</strong></span> <span class='ocrx_word' id='word_1_238' title='bbox 697 2527 726 2574; x_wconf 76' lang='lat' dir='ltr'><strong>sle</strong></span> <span class='ocrx_word' id='word_1_239' title='bbox 736 2524 843 2588; x_wconf 75' lang='lat' dir='ltr'><strong>puibusul.</strong></span> <span class='ocrx_word' id='word_1_240' title='bbox 855 2526 927 2574; x_wconf 80' lang='lat' dir='ltr'><strong>etium</strong></span> <span class='ocrx_word' id='word_1_241' title='bbox 937 2525 985 2573; x_wconf 83' lang='lat' dir='ltr'><strong>reb.</strong></span> <span class='ocrx_word' id='word_1_242' title='bbox 998 2527 1094 2574; x_wconf 85' lang='lat' dir='ltr'><strong>Medic.</strong></span> <span class='ocrx_word' id='word_1_243' title='bbox 1108 2529 1130 2571; x_wconf 97' lang='grc'><strong>1.</strong></span> <span class='ocrx_word' id='word_1_244' title='bbox 1143 2525 1249 2586; x_wconf 72' lang='lat' dir='ltr'><strong>Bsumg.</strong></span> <span class='ocrx_word' id='word_1_245' title='bbox 1261 2527 1330 2588; x_wconf 86' lang='lat' dir='ltr'><strong>conj.</strong></span> 
     </span>
     <span class='ocr_line' id='line_1_27' title="bbox 239 2588 1330 2652; baseline 0.001 -15"><span class='ocrx_word' id='word_1_246' title='bbox 239 2591 280 2637; x_wconf 79' lang='lat' dir='ltr'><strong>red</strong></span> <span class='ocrx_word' id='word_1_247' title='bbox 291 2590 320 2637; x_wconf 78' lang='lat' dir='ltr'><strong>tle</strong></span> <span class='ocrx_word' id='word_1_248' title='bbox 332 2589 510 2650; x_wconf 74' lang='lat' dir='ltr'><strong>quibuscumque</strong></span> <span class='ocrx_word' id='word_1_249' title='bbox 520 2589 621 2637; x_wconf 73' lang='lat' dir='ltr'><strong>reb-9</strong></span> <span class='ocrx_word' id='word_1_250' title='bbox 638 2589 704 2637; x_wconf 82' lang='lat' dir='ltr'><strong>Edd.</strong></span> <span class='ocrx_word' id='word_1_251' title='bbox 719 2589 828 2638; x_wconf 78' lang='lat' dir='ltr'><strong>casaub.</strong></span> <span class='ocrx_word' id='word_1_252' title='bbox 844 2597 870 2638; x_wconf 92' lang='lat' dir='ltr'><strong>et</strong></span> <span class='ocrx_word' id='word_1_253' title='bbox 891 2605 962 2652; x_wconf 81' lang='lat' dir='ltr'><strong>seqq.</strong></span> <span class='ocrx_word' id='word_1_254' title='bbox 979 2591 1091 2649; x_wconf 83' lang='lat' dir='ltr'><strong>rotioues,</strong></span> <span class='ocrx_word' id='word_1_255' title='bbox 1108 2588 1176 2652; x_wconf 69' lang='lat' dir='ltr'><strong>quood</strong></span> <span class='ocrx_word' id='word_1_256' title='bbox 1195 2603 1330 2652; x_wconf 75' lang='lat' dir='ltr'><strong>operarum</strong></span> 
     </span>
     <span class='ocr_line' id='line_1_28' title="bbox 239 2650 1332 2715; baseline 0 -14"><span class='ocrx_word' id='word_1_257' title='bbox 239 2651 344 2701; x_wconf 78' lang='lat' dir='ltr'><strong>incurtes</strong></span> <span class='ocrx_word' id='word_1_258' title='bbox 356 2650 547 2700; x_wconf 75' lang='lat' dir='ltr'><strong>attribuendum</strong></span> <span class='ocrx_word' id='word_1_259' title='bbox 561 2658 635 2714; x_wconf 86' lang='lat' dir='ltr'><strong>putat</strong></span> <span class='ocrx_word' id='word_1_260' title='bbox 648 2651 716 2702; x_wconf 75' lang='lat' dir='ltr'><strong>Oud-</strong></span> <span class='ocrx_word' id='word_1_261' title='bbox 734 2668 777 2715; x_wconf 78' lang='lat' dir='ltr'><strong>per</strong></span> <span class='ocrx_word' id='word_1_262' title='bbox 796 2655 908 2702; x_wconf 77' lang='lat' dir='ltr'><strong>Consules</strong></span> <span class='ocrx_word' id='word_1_263' title='bbox 919 2653 983 2703; x_wconf 87' lang='lat' dir='ltr'><strong>Cod.</strong></span> <span class='ocrx_word' id='word_1_264' title='bbox 995 2654 1053 2701; x_wconf 88' lang='lat' dir='ltr'><strong>Urs.</strong></span> <span class='ocrx_word' id='word_1_265' title='bbox 1065 2652 1112 2702; x_wconf 85' lang='lat' dir='ltr'><strong>Ed.</strong></span> <span class='ocrx_word' id='word_1_266' title='bbox 1127 2653 1187 2700; x_wconf 83' lang='lat' dir='ltr'><strong>Eru.</strong></span> <span class='ocrx_word' id='word_1_267' title='bbox 1222 2653 1253 2701; x_wconf 92' lang='lat' dir='ltr'><strong>lu</strong></span> <span class='ocrx_word' id='word_1_268' title='bbox 1266 2653 1332 2701; x_wconf 76' lang='lat' dir='ltr'><strong>blus.</strong></span> 
     </span>
     <span class='ocr_line' id='line_1_29' title="bbox 240 2716 1330 2772; baseline 0.002 -8"><span class='ocrx_word' id='word_1_269' title='bbox 240 2717 272 2764; x_wconf 83' lang='lat' dir='ltr'><strong>sli</strong></span> <span class='ocrx_word' id='word_1_270' title='bbox 293 2723 338 2765; x_wconf 90' lang='lat' dir='ltr'><strong>uot</strong></span> <span class='ocrx_word' id='word_1_271' title='bbox 349 2724 375 2764; x_wconf 78' lang='lat' dir='ltr'><strong>rt</strong></span> <span class='ocrx_word' id='word_1_272' title='bbox 388 2716 453 2764; x_wconf 77' lang='lat' dir='ltr'><strong>Eud.</strong></span> <span class='ocrx_word' id='word_1_273' title='bbox 465 2723 575 2764; x_wconf 82' lang='lat' dir='ltr'><strong>receutt.</strong></span> <span class='ocrx_word' id='word_1_274' title='bbox 588 2716 641 2764; x_wconf 81' lang='lat' dir='ltr'><strong>Cos.</strong></span> <span class='ocrx_word' id='word_1_275' title='bbox 653 2716 693 2764; x_wconf 80' lang='lat' dir='ltr'><strong>vel</strong></span> <span class='ocrx_word' id='word_1_276' title='bbox 707 2718 840 2766; x_wconf 75' lang='lat' dir='ltr'><strong>Cora-10</strong></span> <span class='ocrx_word' id='word_1_277' title='bbox 859 2717 964 2772; x_wconf 82' lang='lat' dir='ltr'><strong>Quorum</strong></span> <span class='ocrx_word' id='word_1_278' title='bbox 975 2717 1072 2767; x_wconf 83' lang='lat' dir='ltr'><strong>Medic.</strong></span> <span class='ocrx_word' id='word_1_279' title='bbox 1086 2721 1108 2766; x_wconf 90' lang='lat' dir='ltr'><strong>l.</strong></span> <span class='ocrx_word' id='word_1_280' title='bbox 1120 2721 1144 2765; x_wconf 75' lang='lat'><strong>8.</strong></span> <span class='ocrx_word' id='word_1_281' title='bbox 1161 2716 1241 2765; x_wconf 89' lang='lat' dir='ltr'><strong>Polit.</strong></span> <span class='ocrx_word' id='word_1_282' title='bbox 1254 2717 1330 2766; x_wconf 89' lang='lat' dir='ltr'><strong>Viud.</strong></span> 
     </span>
     <span class='ocr_line' id='line_1_30' title="bbox 241 2779 1332 2844; baseline 0.002 -18"><span class='ocrx_word' id='word_1_283' title='bbox 241 2781 264 2827; x_wconf 94' lang='grc'><strong>1.</strong></span> <span class='ocrx_word' id='word_1_284' title='bbox 316 2795 341 2842; x_wconf 91' lang='lat' dir='ltr'><strong>p.</strong></span> <span class='ocrx_word' id='word_1_285' title='bbox 353 2780 428 2828; x_wconf 84' lang='lat' dir='ltr'><strong>Voss.</strong></span> <span class='ocrx_word' id='word_1_286' title='bbox 438 2779 480 2844; x_wconf 78' lang='lat' dir='ltr'><strong>quui</strong></span> <span class='ocrx_word' id='word_1_287' title='bbox 491 2787 517 2828; x_wconf 86' lang='lat' dir='ltr'><strong>et</strong></span> <span class='ocrx_word' id='word_1_288' title='bbox 528 2793 586 2827; x_wconf 80' lang='lat' dir='ltr'><strong>uror</strong></span> <span class='ocrx_word' id='word_1_289' title='bbox 597 2781 733 2829; x_wconf 75' lang='lat' dir='ltr'><strong>destisucit.</strong></span> <span class='ocrx_word' id='word_1_290' title='bbox 746 2779 820 2828; x_wconf 90' lang='lat' dir='ltr'><strong>Viud.</strong></span> <span class='ocrx_word' id='word_1_291' title='bbox 830 2784 856 2830; x_wconf 72' lang='lat'><strong>².</strong></span> <span class='ocrx_word' id='word_1_292' title='bbox 875 2780 943 2830; x_wconf 76' lang='lat' dir='ltr'><strong>Edu.</strong></span> <span class='ocrx_word' id='word_1_293' title='bbox 959 2781 1035 2830; x_wconf 75' lang='lat' dir='ltr'><strong>llum.</strong></span> <span class='ocrx_word' id='word_1_294' title='bbox 1049 2780 1215 2830; x_wconf 72' lang='lat' dir='ltr'><strong>destinauerat.</strong></span> <span class='ocrx_word' id='word_1_295' title='bbox 1248 2781 1332 2844; x_wconf 68' lang='lat' dir='ltr'><strong>Supra</strong></span> 
     </span>
     <span class='ocr_line' id='line_1_31' title="bbox 239 2843 1330 2895; baseline 0 -4"><span class='ocrx_word' id='word_1_296' title='bbox 239 2850 267 2893; x_wconf 85' lang='lat' dir='ltr'><strong>ut</strong></span> <span class='ocrx_word' id='word_1_297' title='bbox 277 2849 301 2894; x_wconf 83' lang='lat' dir='ltr'><strong>et</strong></span> <span class='ocrx_word' id='word_1_298' title='bbox 315 2850 370 2894; x_wconf 83' lang='lat' dir='ltr'><strong>oute</strong></span> <span class='ocrx_word' id='word_1_299' title='bbox 382 2845 459 2894; x_wconf 78' lang='lat' dir='ltr'><strong>Fouc.</strong></span> <span class='ocrx_word' id='word_1_300' title='bbox 472 2843 535 2892; x_wconf 87' lang='lat' dir='ltr'><strong>Ero.</strong></span> <span class='ocrx_word' id='word_1_301' title='bbox 551 2844 653 2893; x_wconf 78' lang='lat' dir='ltr'><strong>(lelund.</strong></span> <span class='ocrx_word' id='word_1_302' title='bbox 665 2843 793 2895; x_wconf 79' lang='lat' dir='ltr'><strong>censctrb</strong></span> <span class='ocrx_word' id='word_1_303' title='bbox 809 2851 842 2895; x_wconf 83' lang='lat' dir='ltr'><strong>et.</strong></span> <span class='ocrx_word' id='word_1_304' title='bbox 874 2845 938 2894; x_wconf 83' lang='lat' dir='ltr'><strong>Tum</strong></span> <span class='ocrx_word' id='word_1_305' title='bbox 957 2845 1071 2894; x_wconf 80' lang='lat' dir='ltr'><strong>Hostium</strong></span> <span class='ocrx_word' id='word_1_306' title='bbox 1090 2859 1134 2894; x_wconf 84' lang='lat' dir='ltr'><strong>seu</strong></span> <span class='ocrx_word' id='word_1_307' title='bbox 1155 2845 1249 2894; x_wconf 80' lang='lat' dir='ltr'><strong>Ostium</strong></span> <span class='ocrx_word' id='word_1_308' title='bbox 1266 2844 1330 2894; x_wconf 90' lang='lat' dir='ltr'><strong>libb.</strong></span> 
     </span>
    </p>
   </div>
   <div class='ocr_carea' id='block_1_5' title="bbox 733 2987 839 3041">
    <p class='ocr_par' dir='ltr' id='par_1_5' title="bbox 733 2987 839 3041">
     <span class='ocr_line' id='line_1_32' title="bbox 733 2987 839 3041; baseline -0.028 -1"><span class='ocrx_word' id='word_1_309' title='bbox 733 2987 839 3041; x_wconf 80' lang='lat' dir='ltr'>NOTAE</span> 
     </span>
    </p>
   </div>
   <div class='ocr_carea' id='block_1_6' title="bbox 241 3082 1336 4203">
    <p class='ocr_par' dir='ltr' id='par_1_6' title="bbox 241 3082 1332 3150">
     <span class='ocr_line' id='line_1_33' title="bbox 241 3082 1332 3150; baseline 0.004 -19"><span class='ocrx_word' id='word_1_310' title='bbox 241 3085 328 3146; x_wconf 81' lang='lat' dir='ltr'><strong>plures</strong></span> <span class='ocrx_word' id='word_1_311' title='bbox 342 3091 470 3147; x_wconf 84' lang='lat' dir='ltr'><strong>peterent,</strong></span> <span class='ocrx_word' id='word_1_312' title='bbox 482 3085 626 3135; x_wconf 81' lang='lat' dir='ltr'><strong>necessario</strong></span> <span class='ocrx_word' id='word_1_313' title='bbox 638 3085 716 3150; x_wconf 82' lang='lat' dir='ltr'><strong>aliqui</strong></span> <span class='ocrx_word' id='word_1_314' title='bbox 728 3099 767 3134; x_wconf 85' lang='lat' dir='ltr'><strong>re·</strong></span> <span class='ocrx_word' id='word_1_315' title='bbox 809 3099 866 3148; x_wconf 87' lang='lat' dir='ltr'><strong>cup.</strong></span> <span class='ocrx_word' id='word_1_316' title='bbox 878 3089 919 3134; x_wconf 76' lang='lat'><strong>65.</strong></span> <span class='ocrx_word' id='word_1_317' title='bbox 954 3082 1005 3132; x_wconf 87' lang='lat' dir='ltr'><strong>llic</strong></span> <span class='ocrx_word' id='word_1_318' title='bbox 1022 3091 1049 3134; x_wconf 77' lang='lat' dir='ltr'><strong>rt</strong></span> <span class='ocrx_word' id='word_1_319' title='bbox 1064 3084 1111 3133; x_wconf 87' lang='lat' dir='ltr'><strong>sub</strong></span> <span class='ocrx_word' id='word_1_320' title='bbox 1129 3085 1332 3146; x_wconf 83' lang='lat' dir='ltr'><strong>Imperatoribus</strong></span> 
     </span>
    </p>

    <p class='ocr_par' dir='ltr' id='par_1_7' title="bbox 242 3157 1333 3228">
     <span class='ocr_line' id='line_1_34' title="bbox 242 3157 1333 3228; baseline 0.005 -23"><span class='ocrx_word' id='word_1_321' title='bbox 242 3158 431 3228; x_wconf 48' lang='lat' dir='ltr'><strong>pellebantur„</strong></span> <span class='ocrx_word' id='word_1_322' title='bbox 453 3161 495 3210; x_wconf 87' lang='lat' dir='ltr'><strong>De</strong></span> <span class='ocrx_word' id='word_1_323' title='bbox 523 3161 571 3210; x_wconf 87' lang='lat' dir='ltr'><strong>boc</strong></span> <span class='ocrx_word' id='word_1_324' title='bbox 599 3170 627 3210; x_wconf 82' lang='lat' dir='ltr'><strong>et</strong></span> <span class='ocrx_word' id='word_1_325' title='bbox 647 3161 768 3211; x_wconf 79' lang='lat' dir='ltr'><strong>Tacitus:</strong></span> <span class='ocrx_word' id='word_1_326' title='bbox 809 3157 1101 3222; x_wconf 78' lang='lat' dir='ltr'><strong>constantinopolitanis</strong></span> <span class='ocrx_word' id='word_1_327' title='bbox 1121 3163 1241 3212; x_wconf 78' lang='lat' dir='ltr'><strong>Orraestor</strong></span> <span class='ocrx_word' id='word_1_328' title='bbox 1261 3162 1333 3211; x_wconf 87' lang='lat' dir='ltr'><strong>Sacri</strong></span> 
     </span>
    </p>

    <p class='ocr_par' dir='ltr' id='par_1_8' title="bbox 241 3229 1332 3300">
     <span class='ocr_line' id='line_1_35' title="bbox 241 3229 1332 3300; baseline 0.003 -17"><span class='ocrx_word' id='word_1_329' title='bbox 241 3233 369 3283; x_wconf 79' lang='lat' dir='ltr'><strong>&#39;Comitis</strong></span> <span class='ocrx_word' id='word_1_330' title='bbox 379 3233 532 3297; x_wconf 78' lang='lat' dir='ltr'><strong>Praetornm,</strong></span> <span class='ocrx_word' id='word_1_331' title='bbox 542 3236 650 3285; x_wconf 80' lang='lat' dir='ltr'><strong>arbitrio</strong></span> <span class='ocrx_word' id='word_1_332' title='bbox 659 3237 769 3286; x_wconf 78' lang='lat' dir='ltr'><strong>Senatus</strong></span> <span class='ocrx_word' id='word_1_333' title='bbox 810 3235 906 3284; x_wconf 82' lang='lat' dir='ltr'><strong>Palatii</strong></span> <span class='ocrx_word' id='word_1_334' title='bbox 927 3234 1011 3284; x_wconf 87' lang='lat' dir='ltr'><strong>dictus</strong></span> <span class='ocrx_word' id='word_1_335' title='bbox 1037 3243 1087 3294; x_wconf 86' lang='lat' dir='ltr'><strong>est,</strong></span> <span class='ocrx_word' id='word_1_336' title='bbox 1109 3229 1218 3300; x_wconf 76' lang='lat' dir='ltr'><strong>&#39;ejusque</strong></span> <span class='ocrx_word' id='word_1_337' title='bbox 1241 3252 1332 3286; x_wconf 88' lang='lat' dir='ltr'><strong>munus</strong></span> 
     </span>
    </p>

    <p class='ocr_par' dir='ltr' id='par_1_9' title="bbox 242 3309 1333 3376">
     <span class='ocr_line' id='line_1_36' title="bbox 242 3309 1333 3376; baseline 0.004 -18"><span class='ocrx_word' id='word_1_338' title='bbox 242 3309 330 3358; x_wconf 75' lang='lat' dir='ltr'><strong>baberi</strong></span> <span class='ocrx_word' id='word_1_339' title='bbox 353 3309 438 3362; x_wconf 74' lang='lat' dir='ltr'><strong>solitu.</strong></span> <span class='ocrx_word' id='word_1_340' title='bbox 460 3310 527 3374; x_wconf 83' lang='lat' dir='ltr'><strong>qtrotl</strong></span> <span class='ocrx_word' id='word_1_341' title='bbox 549 3313 649 3360; x_wconf 77' lang='lat' dir='ltr'><strong>acriore</strong></span> <span class='ocrx_word' id='word_1_342' title='bbox 671 3313 770 3362; x_wconf 79' lang='lat' dir='ltr'><strong>ambitu</strong></span> <span class='ocrx_word' id='word_1_343' title='bbox 811 3311 975 3374; x_wconf 67' lang='lat' dir='ltr'><strong>ampliatum</strong></span> <span class='ocrx_word' id='word_1_344' title='bbox 991 3311 1086 3361; x_wconf 84' lang='lat' dir='ltr'><strong>libellis</strong></span> <span class='ocrx_word' id='word_1_345' title='bbox 1096 3313 1164 3361; x_wconf 81' lang='lat' dir='ltr'><strong>euim</strong></span> <span class='ocrx_word' id='word_1_346' title='bbox 1176 3314 1333 3376; x_wconf 88' lang='lat' dir='ltr'><strong>supplicibus</strong></span> 
     </span>
    </p>

    <p class='ocr_par' dir='ltr' id='par_1_10' title="bbox 242 3385 1333 3451">
     <span class='ocr_line' id='line_1_37' title="bbox 242 3385 1333 3451; baseline -0.001 -16"><span class='ocrx_word' id='word_1_347' title='bbox 242 3393 402 3450; x_wconf 75' lang='lat' dir='ltr'><strong>exarserunt,</strong></span> <span class='ocrx_word' id='word_1_348' title='bbox 412 3385 699 3451; x_wconf 80' lang='lat' dir='ltr'><strong>Princepscomposuit,</strong></span> <span class='ocrx_word' id='word_1_349' title='bbox 709 3395 771 3450; x_wconf 84' lang='lat' dir='ltr'><strong>tres,</strong></span> <span class='ocrx_word' id='word_1_350' title='bbox 810 3386 1018 3446; x_wconf 81' lang='lat' dir='ltr'><strong>subscribebant,</strong></span> <span class='ocrx_word' id='word_1_351' title='bbox 1053 3387 1123 3447; x_wconf 80' lang='lat' dir='ltr'><strong>leges</strong></span> <span class='ocrx_word' id='word_1_352' title='bbox 1162 3387 1333 3434; x_wconf 82' lang='lat' dir='ltr'><strong>subnotabrut</strong></span> 
     </span>
    </p>

    <p class='ocr_par' dir='ltr' id='par_1_11' title="bbox 244 3461 1333 3528">
     <span class='ocr_line' id='line_1_38' title="bbox 244 3461 1333 3528; baseline 0.003 -21"><span class='ocrx_word' id='word_1_353' title='bbox 244 3463 287 3524; x_wconf 77' lang='lat' dir='ltr'><strong>quui</strong></span> <span class='ocrx_word' id='word_1_354' title='bbox 298 3475 376 3524; x_wconf 82' lang='lat' dir='ltr'><strong>supra</strong></span> <span class='ocrx_word' id='word_1_355' title='bbox 387 3476 519 3512; x_wconf 84' lang='lat' dir='ltr'><strong>numerum</strong></span> <span class='ocrx_word' id='word_1_356' title='bbox 530 3463 665 3526; x_wconf 82' lang='lat' dir='ltr'><strong>petebant,</strong></span> <span class='ocrx_word' id='word_1_357' title='bbox 677 3463 770 3528; x_wconf 81' lang='lat' dir='ltr'><strong>legioni</strong></span> <span class='ocrx_word' id='word_1_358' title='bbox 812 3462 1041 3513; x_wconf 75' lang='lat' dir='ltr'><strong>Qtroestorensacri</strong></span> <span class='ocrx_word' id='word_1_359' title='bbox 1051 3461 1155 3516; x_wconf 80' lang='lat' dir='ltr'><strong>Palatii.</strong></span> <span class='ocrx_word' id='word_1_360' title='bbox 1168 3463 1255 3525; x_wconf 77' lang='lat' dir='ltr'><strong>qttules</strong></span> <span class='ocrx_word' id='word_1_361' title='bbox 1264 3471 1333 3524; x_wconf 86' lang='lat' dir='ltr'><strong>post·</strong></span> 
     </span>
    </p>

    <p class='ocr_par' dir='ltr' id='par_1_12' title="bbox 243 3535 1332 3678">
     <span class='ocr_line' id='line_1_39' title="bbox 243 3535 1332 3600; baseline 0 -16"><span class='ocrx_word' id='word_1_362' title='bbox 243 3535 427 3600; x_wconf 78' lang='lat' dir='ltr'><strong>praefrcicndo.&#39;</strong></span> <span class='ocrx_word' id='word_1_363' title='bbox 810 3550 842 3584; x_wconf 82' lang='lat' dir='ltr'><strong>eu</strong></span> <span class='ocrx_word' id='word_1_364' title='bbox 864 3538 888 3585; x_wconf 91' lang='lat' dir='ltr'><strong>iu</strong></span> <span class='ocrx_word' id='word_1_365' title='bbox 906 3535 974 3584; x_wconf 76' lang='lat' dir='ltr'><strong>Aula</strong></span> <span class='ocrx_word' id='word_1_366' title='bbox 990 3535 1138 3598; x_wconf 87' lang='lat' dir='ltr'><strong>Principum</strong></span> <span class='ocrx_word' id='word_1_367' title='bbox 1156 3535 1246 3585; x_wconf 83' lang='lat' dir='ltr'><strong>dixere</strong></span> <span class='ocrx_word' id='word_1_368' title='bbox 1266 3537 1332 3586; x_wconf 87' lang='lat' dir='ltr'><strong>Cuu·</strong></span> 
     </span>
     <span class='ocr_line' id='line_1_40' title="bbox 275 3605 933 3678; baseline -0.008 -17"><span class='ocrx_word' id='word_1_369' title='bbox 275 3619 292 3644; x_wconf 75' lang='lat'>&#39;</span> <span class='ocrx_word' id='word_1_370' title='bbox 310 3612 407 3661; x_wconf 83' lang='lat' dir='ltr'><strong>Cnuiuii</strong></span> <span class='ocrx_word' id='word_1_371' title='bbox 421 3611 510 3674; x_wconf 76' lang='lat' dir='ltr'><strong>Rebili]</strong></span> <span class='ocrx_word' id='word_1_372' title='bbox 529 3613 560 3663; x_wconf 89' lang='lat' dir='ltr'><strong>Iu</strong></span> <span class='ocrx_word' id='word_1_373' title='bbox 581 3628 675 3678; x_wconf 80' lang='lat' dir='ltr'><strong>procur</strong></span> <span class='ocrx_word' id='word_1_374' title='bbox 695 3613 769 3663; x_wconf 73' lang='lat' dir='ltr'><strong>bores</strong></span> <span class='ocrx_word' id='word_1_375' title='bbox 810 3605 933 3660; x_wconf 85' lang='lat' dir='ltr'><strong>cellarios.</strong></span> 
     </span>
    </p>

    <p class='ocr_par' dir='ltr' id='par_1_13' title="bbox 243 3683 1333 3827">
     <span class='ocr_line' id='line_1_41' title="bbox 243 3683 1333 3753; baseline -0.004 -17"><span class='ocrx_word' id='word_1_376' title='bbox 243 3687 371 3746; x_wconf 80' lang='lat' dir='ltr'><strong>Consulis,</strong></span> <span class='ocrx_word' id='word_1_377' title='bbox 382 3701 458 3750; x_wconf 82' lang='lat' dir='ltr'><strong>ruprs</strong></span> <span class='ocrx_word' id='word_1_378' title='bbox 471 3689 496 3736; x_wconf 89' lang='lat' dir='ltr'><strong>in</strong></span> <span class='ocrx_word' id='word_1_379' title='bbox 508 3687 578 3738; x_wconf 78' lang='lat' dir='ltr'><strong>lulio</strong></span> <span class='ocrx_word' id='word_1_380' title='bbox 589 3693 694 3753; x_wconf 73' lang='lat' dir='ltr'><strong>capiti.</strong></span> <span class='ocrx_word' id='word_1_381' title='bbox 841 3695 851 3720; x_wconf 86' lang='lat'>¹</span> <span class='ocrx_word' id='word_1_382' title='bbox 868 3687 918 3734; x_wconf 81' lang='lat' dir='ltr'><strong>Per</strong></span> <span class='ocrx_word' id='word_1_383' title='bbox 944 3683 1079 3748; x_wconf 75' lang='lat' dir='ltr'><strong>Consulem]</strong></span> <span class='ocrx_word' id='word_1_384' title='bbox 1104 3685 1180 3737; x_wconf 81' lang='lat' dir='ltr'><strong>Quod</strong></span> <span class='ocrx_word' id='word_1_385' title='bbox 1198 3685 1333 3734; x_wconf 82' lang='lat' dir='ltr'><strong>uidebatur</strong></span> 
     </span>
     <span class='ocr_line' id='line_1_42' title="bbox 276 3759 1025 3827; baseline -0.007 -15"><span class='ocrx_word' id='word_1_386' title='bbox 276 3771 288 3795; x_wconf 78' lang='lat'><em>¹</em></span> <span class='ocrx_word' id='word_1_387' title='bbox 302 3762 462 3824; x_wconf 72' lang='lat' dir='ltr'><strong>Triumphalia</strong></span> <span class='ocrx_word' id='word_1_388' title='bbox 472 3764 619 3826; x_wconf 81' lang='lat' dir='ltr'><strong>oruooreuto]</strong></span> <span class='ocrx_word' id='word_1_389' title='bbox 630 3765 712 3827; x_wconf 79' lang='lat' dir='ltr'><strong>Supra</strong></span> <span class='ocrx_word' id='word_1_390' title='bbox 720 3778 770 3813; x_wconf 91' lang='lat' dir='ltr'><strong>uon</strong></span> <span class='ocrx_word' id='word_1_391' title='bbox 811 3759 1025 3824; x_wconf 76' lang='lat' dir='ltr'><strong>magnificentius.</strong></span> 
     </span>
    </p>

    <p class='ocr_par' dir='ltr' id='par_1_14' title="bbox 243 3835 1336 3982">
     <span class='ocr_line' id='line_1_43' title="bbox 243 3835 1336 3902; baseline -0.004 -13"><span class='ocrx_word' id='word_1_392' title='bbox 243 3839 332 3889; x_wconf 80' lang='lat' dir='ltr'><strong>semel.</strong></span> <span class='ocrx_word' id='word_1_393' title='bbox 359 3838 434 3888; x_wconf 85' lang='lat' dir='ltr'><strong>Unde</strong></span> <span class='ocrx_word' id='word_1_394' title='bbox 447 3839 755 3902; x_wconf 66' lang='lat' dir='ltr'><strong>incircumscripta</strong></span> <span class='ocrx_word' id='word_1_395' title='bbox 842 3844 855 3870; x_wconf 84' lang='lat'>⁸</span> <span class='ocrx_word' id='word_1_396' title='bbox 869 3836 980 3898; x_wconf 67' lang='lat' dir='ltr'><strong>Subriis]</strong></span> <span class='ocrx_word' id='word_1_397' title='bbox 997 3835 1065 3887; x_wconf 85' lang='lat' dir='ltr'><strong>Quid</strong></span> <span class='ocrx_word' id='word_1_398' title='bbox 1081 3836 1132 3884; x_wconf 88' lang='lat' dir='ltr'><strong>siut</strong></span> <span class='ocrx_word' id='word_1_399' title='bbox 1143 3836 1244 3890; x_wconf 80' lang='lat' dir='ltr'><strong>soleris,</strong></span> <span class='ocrx_word' id='word_1_400' title='bbox 1259 3849 1336 3900; x_wconf 78' lang='lat' dir='ltr'><strong>snpra</strong></span> 
     </span>
     <span class='ocr_line' id='line_1_44' title="bbox 276 3910 1335 3982; baseline -0.003 -19"><span class='ocrx_word' id='word_1_401' title='bbox 276 3923 286 3957; x_wconf 80' lang='lat' dir='ltr'><strong>t</strong></span> <span class='ocrx_word' id='word_1_402' title='bbox 306 3915 437 3971; x_wconf 69' lang='lat' dir='ltr'><strong>Quereris</strong></span> <span class='ocrx_word' id='word_1_403' title='bbox 447 3915 532 3982; x_wconf 79' lang='lat' dir='ltr'><strong>officio]</strong></span> <span class='ocrx_word' id='word_1_404' title='bbox 551 3915 602 3964; x_wconf 80' lang='lat' dir='ltr'><strong>llic</strong></span> <span class='ocrx_word' id='word_1_405' title='bbox 620 3921 662 3964; x_wconf 89' lang='lat' dir='ltr'><strong>est</strong></span> <span class='ocrx_word' id='word_1_406' title='bbox 682 3913 769 3963; x_wconf 84' lang='lat' dir='ltr'><strong>cundi·</strong></span> <span class='ocrx_word' id='word_1_407' title='bbox 810 3911 908 3961; x_wconf 86' lang='lat' dir='ltr'><strong>dictum</strong></span> <span class='ocrx_word' id='word_1_408' title='bbox 924 3920 964 3960; x_wconf 89' lang='lat' dir='ltr'><strong>est</strong></span> <span class='ocrx_word' id='word_1_409' title='bbox 976 3913 1001 3960; x_wconf 90' lang='lat' dir='ltr'><strong>iu</strong></span> <span class='ocrx_word' id='word_1_410' title='bbox 1012 3910 1121 3960; x_wconf 77' lang='lat' dir='ltr'><strong>claudio</strong></span> <span class='ocrx_word' id='word_1_411' title='bbox 1133 3910 1165 3960; x_wconf 81' lang='lat' dir='ltr'><strong>nd</strong></span> <span class='ocrx_word' id='word_1_412' title='bbox 1182 3925 1240 3974; x_wconf 85' lang='lat' dir='ltr'><strong>cap.</strong></span> <span class='ocrx_word' id='word_1_413' title='bbox 1252 3915 1291 3960; x_wconf 87' lang='lat'><strong>10.</strong></span> <span class='ocrx_word' id='word_1_414' title='bbox 1308 3918 1335 3960; x_wconf 84' lang='lat' dir='ltr'><strong>et</strong></span> 
     </span>
    </p>

    <p class='ocr_par' dir='ltr' id='par_1_15' title="bbox 245 3983 1334 4053">
     <span class='ocr_line' id='line_1_45' title="bbox 245 3983 1334 4053; baseline -0.003 -15"><span class='ocrx_word' id='word_1_415' title='bbox 245 3990 319 4039; x_wconf 79' lang='lat' dir='ltr'><strong>datus</strong></span> <span class='ocrx_word' id='word_1_416' title='bbox 339 3992 383 4040; x_wconf 83' lang='lat' dir='ltr'><strong>ille</strong></span> <span class='ocrx_word' id='word_1_417' title='bbox 400 3991 540 4053; x_wconf 81' lang='lat' dir='ltr'><strong>Principis,</strong></span> <span class='ocrx_word' id='word_1_418' title='bbox 554 3991 626 4053; x_wconf 80' lang='lat' dir='ltr'><strong>cujus</strong></span> <span class='ocrx_word' id='word_1_419' title='bbox 644 3996 700 4038; x_wconf 82' lang='lat' dir='ltr'><strong>erat</strong></span> <span class='ocrx_word' id='word_1_420' title='bbox 714 3987 768 4038; x_wconf 86' lang='lat' dir='ltr'><strong>offi·</strong></span> <span class='ocrx_word' id='word_1_421' title='bbox 809 3987 948 4042; x_wconf 63' lang='lat' dir='ltr'><strong>Maeniana,</strong></span> <span class='ocrx_word' id='word_1_422' title='bbox 960 4002 1016 4050; x_wconf 76' lang='lat' dir='ltr'><strong>qruae</strong></span> <span class='ocrx_word' id='word_1_423' title='bbox 1032 3983 1115 4034; x_wconf 82' lang='lat' dir='ltr'><strong>ferme</strong></span> <span class='ocrx_word' id='word_1_424' title='bbox 1131 3985 1197 4034; x_wconf 83' lang='lat' dir='ltr'><strong>tuem</strong></span> <span class='ocrx_word' id='word_1_425' title='bbox 1214 3991 1297 4048; x_wconf 84' lang='lat' dir='ltr'><strong>eraut,</strong></span> <span class='ocrx_word' id='word_1_426' title='bbox 1309 3987 1334 4036; x_wconf 90' lang='lat' dir='ltr'><strong>lu</strong></span> 
     </span>
    </p>

    <p class='ocr_par' dir='ltr' id='par_1_16' title="bbox 245 4058 1063 4144">
     <span class='ocr_line' id='line_1_46' title="bbox 245 4058 1063 4144; baseline 0 -34"><span class='ocrx_word' id='word_1_427' title='bbox 245 4065 311 4110; x_wconf 83' lang='lat' dir='ltr'><strong>cium</strong></span> <span class='ocrx_word' id='word_1_428' title='bbox 325 4065 410 4112; x_wconf 74' lang='lat' dir='ltr'><strong>literas</strong></span> <span class='ocrx_word' id='word_1_429' title='bbox 428 4066 453 4113; x_wconf 90' lang='lat' dir='ltr'><strong>in</strong></span> <span class='ocrx_word' id='word_1_430' title='bbox 470 4065 565 4114; x_wconf 87' lang='lat' dir='ltr'><strong>Senatu</strong></span> <span class='ocrx_word' id='word_1_431' title='bbox 584 4065 713 4128; x_wconf 87' lang='lat' dir='ltr'><strong>Principis</strong></span> <span class='ocrx_word' id='word_1_432' title='bbox 726 4079 769 4112; x_wconf 90' lang='lat' dir='ltr'><strong>no·</strong></span> <span class='ocrx_word' id='word_1_433' title='bbox 809 4063 932 4127; x_wconf 62' lang='lat' dir='ltr'><strong>&amp;lig-ad</strong></span> <span class='ocrx_word' id='word_1_434' title='bbox 943 4077 1000 4127; x_wconf 81' lang='lat' dir='ltr'><strong>cap.</strong></span> <span class='ocrx_word' id='word_1_435' title='bbox 1012 4058 1063 4144; x_wconf 56' lang='lat' dir='ltr'><strong>{tt-⁴</strong></span> 
     </span>
    </p>

    <p class='ocr_par' dir='ltr' id='par_1_17' title="bbox 245 4139 768 4203">
     <span class='ocr_line' id='line_1_47' title="bbox 245 4139 768 4203; baseline 0.004 -17"><span class='ocrx_word' id='word_1_436' title='bbox 245 4139 314 4186; x_wconf 82' lang='lat' dir='ltr'><strong>ruine</strong></span> <span class='ocrx_word' id='word_1_437' title='bbox 331 4143 449 4189; x_wconf 82' lang='lat' dir='ltr'><strong>recitare.</strong></span> <span class='ocrx_word' id='word_1_438' title='bbox 483 4141 526 4190; x_wconf 86' lang='lat' dir='ltr'><strong>De</strong></span> <span class='ocrx_word' id='word_1_439' title='bbox 545 4154 596 4203; x_wconf 90' lang='lat' dir='ltr'><strong>quo</strong></span> <span class='ocrx_word' id='word_1_440' title='bbox 612 4141 638 4188; x_wconf 91' lang='lat' dir='ltr'><strong>in</strong></span> <span class='ocrx_word' id='word_1_441' title='bbox 651 4140 768 4203; x_wconf 72' lang='lat' dir='ltr'><strong>Angusto</strong></span> 
     </span>
    </p>
   </div>
   <div class='ocr_carea' id='block_1_7' title="bbox 0 0 1576 4828">
    <p class='ocr_par' dir='ltr' id='par_1_18' title="bbox 0 0 1576 4828">
     <span class='ocr_line' id='line_1_48' title="bbox 0 0 1576 4828; baseline 0 0"><span class='ocrx_word' id='word_1_442' title='bbox 0 0 1576 4828; x_wconf 95' lang='lat' dir='ltr'><strong> </strong></span> 
     </span>
    </p>
   </div>
  </div>
 </body>
</html>
