3114 4828
261 340 325 406 682
711 357 742 401 c.
767 355 945 402 suarcurr

260 506 295 562 et
313 495 570 572 Macedoniam,u
584 514 667 578 quas
686 494 842 558 Tiberius
862 497 905 560 ud
928 514 1040 560 curam
1056 513 1152 559 auam
1168 495 1347 559 canetulo·

262 605 323 672 rat,
339 598 473 660 Senatui
488 596 653 660 reddidit.v
699 598 842 680 Lyciis,'
864 598 907 660 ob
927 585 1118 660 exitiabiles
1133 597 1218 660 inter
1232 617 1268 659 se
1282 597 1348 658 dis·

262 699 404 768 cordine.
420 698 601 762 libertatem
616 699 756 762 ademit:
781 697 935 774 Rhodiis,
950 699 993 761 ob
1008 698 1242 780 poenitentium
1257 705 1350 760 vete·

260 817 331 864 rum
362 797 569 874 delictorum,
599 797 756 861 reddidit.
814 797 1016 874 iliensibus,¹
1053 799 1151 880 quasi
1182 796 1348 862 Romanae

261 901 368 980 gentis
390 900 591 974 auctoribus,
618 898 737 962 tributa
760 899 1007 982 inperpetuum
1032 900 1176 978 remisit3
1209 899 1349 962 recitata

174 1015 177 1022 ’
261 1007 372 1064 vetere
385 1000 529 1082 epistola
549 1000 670 1064 Graeca
692 999 833 1064 Senatus
852 1001 1031 1084 populique
1056 999 1214 1074 Romani,
1234 998 1350 1063 Seleu-

261 1107 348 1163 cotl
369 1102 436 1181 regi
460 1101 641 1166 amicitiam
656 1107 689 1164 et
703 1102 899 1164 societatem
927 1102 975 1163 itu
990 1101 1120 1163 demum
1144 1100 1348 1184 pollicentis,

260 1203 291 1266 si
315 1202 577 1282 consanguineos
607 1221 687 1264 suos
711 1201 852 1266 Ilienses
877 1201 920 1266 ab
945 1203 1033 1264 omni
1063 1219 1161 1264 onere
1188 1201 1349 1263 immunes

261 1305 485 1385 praestitisset.
527 1303 691 1378 iudaeos:
715 1303 895 1384 impulsore
922 1301 1102 1366 Chresto⁵·
1131 1301 1271 1366 assidue
1297 1310 1350 1364 tu·

261 1405 472 1480 multuantes,
501 1403 612 1466 Roma
640 1402 776 1485 expulit.
820 1401 1058 1467 Germanorum
1088 1403 1204 1484 legatis
1234 1404 1268 1465 in
1296 1421 1349 1464 or-

261 1503 416 1568 chestra'³
439 1503 576 1568 sedere⁶
604 1505 766 1586 permisit,
790 1504 1003 1586 simplicitate
1029 1523 1142 1567 eorum
1167 1513 1203 1568 et
1225 1503 1348 1566 fiducia

715 1695 893 1728 eooqouonoe

261 1792 408 1846 Eddlunt.
420 1794 484 1859 Arg.
495 1795 555 1844 Ald.
566 1797 656 1860 steph.
672 1797 735 1846 ‘l'uru
745 1798 898 1847 uerbadaut.
906 1803 973 1858 gerit.
984 1813 999 1848 a
1010 1798 1151 1860 glossatore
1162 1796 1250 1846 addita
1262 1803 1350 1846 censat

261 1859 350 1908 Burni.
364 1861 465 1920 genesta
477 1861 561 1910 Peria.
572 1877 586 1910 a
598 1877 631 1912 m.
645 1876 683 1924 pr.
694 1862 761 1911 Edd.
777 1861 842 1911 Veu.
859 1862 929 1911 Med.
948 1876 988 1922 pr.
1014 1863 1080 1910 Dein
1101 1862 1235 1922 Esquiliaio
1253 1861 1349 1908 Medic.

261 1929 370 1972 trem—t
388 1923 418 1970 lu
431 1925 510 1973 Polit.
529 1925 676 1987 Salariaeque.
694 1927 756 1973 Mox
767 1926 886 1986 pollicenti
898 1926 981 1973 Peria.
994 1925 1107 1974 Heriem.
1120 1925 1186 1973 Edd.
1198 1926 1271 1972 Rom.
1284 1926 1348 1974 Veu.

261 1985 325 2034 lion·
336 1987 407 2037 Jurrt.
418 1989 685 2048 pcdieeatesvcas.-5
706 1989 830 2036 Cierestrn
847 1989 925 2036 Fcuc.
946 1999 1055 2052 uterque
1073 1988 1151 2036 Vlud.
1170 1989 1241 2037 cort.
1263 1988 1347 2036 Perta.

261 2048 457 2099 Edliomaee.
482 2051 594 2100 Cbreatre
608 2051 721 2100 llaslem.
735 2053 792 2114 cuj.
804 2050 871 2100 Edd.
889 2053 956 2100 Ven.
971 2057 992 2100 t.
1013 2053 1084 2101 Med.
1095 2066 1133 2115 pr.
1153 2051 1226 2101 esto.
1253 2051 1348 2100 Cbristc

260 2111 327 2160 Bon.
349 2113 428 2174 bugd.
443 2114 517 2164 Jout.
536 2113 595 2163 Ate.
607 2114 670 2176 Arg.
681 2112 761 2165 Juuk.
773 2115 806 2162 al.
835 2115 867 2164 In
879 2115 942 2164 blaa.
953 2115 1027 2164 Terr.
1038 2130 1090 2164 unc
1108 2115 1205 2172 demto,
1224 2124 1268 2163 aut
1288 2116 1349 2164 cae·

259 2181 335 2224 restra
346 2185 391 2226 aut
403 2177 532 2226 Cbbeatro.
557 2177 623 2226 item
634 2178 732 2227 edaidw
744 2179 839 2228 Medic.
850 2181 925 2228 ⁸.·-6
941 2179 1025 2229 Sedeas
1041 2181 1116 2229 Hula.
1128 2179 1206 2228 Vind.
1220 2183 1243 2228 1.
1260 2179 1285 2228 in
1297 2194 1348 2243 qno

750 2335 856 2389 NOTAE

261 2433 351 2486 odes.
362 2433 443 2496 Epcd.
454 2431 480 2482 ln
490 2431 557 2482 fine:
570 2433 650 2484 'Post
659 2435 785 2498 insepulta
822 2436 939 2500 intellige
950 2437 1054 2499 propris
1065 2436 1156 2500 dirtos,
1169 2435 1222 2500 qui,
1232 2451 1282 2484 acu
1292 2437 1346 2500 qni-

260 2509 374 2560 membra
388 2507 508 2558 different
522 2510 585 2573 lupi,
603 2511 637 2560 Et
647 2511 785 2575 esquiliae
822 2511 880 2561 dem
892 2513 1031 2576 impulsore
1042 2513 1148 2562 Cbrieto
1162 2514 1280 2568 Domine.
1292 2514 1346 2575 jam

260 2583 353 2643 alites,'
362 2590 410 2634 &c
822 2587 890 2636 euim
903 2603 990 2650 paraus
1002 2594 1060 2636 erat
1072 2596 1189 2646 mortem,
1203 2589 1347 2649 imperante

291 2671 302 2696 ¹
319 2661 462 2712 Acirim
472 2661 646 2726 Macedonicas]
661 2663 704 2712 De
712 2661 750 2710 iria
760 2661 785 2710 iu
821 2664 926 2713 Tiberio
937 2681 942 2710 :
952 2665 1055 2712 Tacitus
1064 2662 1155 2712 Auual.
1165 2675 1210 2711 xv.
1219 2663 1252 2711 de
1261 2665 1347 2713 cbria·

258 2737 562 2798 retroaspicere.
577 2752 634 2800 cap.
651 2742 690 2787 16.
706 2741 785 2786 etat.
822 2740 899 2789 tiauia
926 2741 1053 2802 loquens:
1088 2738 1210 2788 ‘Auctor
1238 2741 1347 2789 nominis

291 2823 302 2846 v
321 2813 419 2862 &antei
429 2812 545 2874 reddidit]
567 2813 721 2877 Imperator,
731 2811 785 2860 Au·
822 2815 949 2878 Christus,
976 2816 1027 2877 qui,
1048 2815 1151 2864 Tiberio
1173 2815 1348 2878 imperitante.

260 2890 329 2953 gnari
357 2888 484 2948 instituto,
512 2888 699 2950 provinciarum
721 2889 784 2936 aliae
822 2903 868 2950 per
882 2889 1078 2936 Procuratorem
1096 2888 1215 2936 Pontium
1233 2889 1346 2938 Pilatum

261 2965 309 3014 sibl
323 2964 451 3024 servabat,
467 2962 529 3012 alias
551 2965 646 3027 populu
664 2963 785 3012 tradebat
821 2961 948 3024 supplicio
969 2958 1076 3009 affectus
1094 2968 1150 3009 erat
1161 2962 1187 3008 ι’
1209 2961 1254 3008 sed
1272 2975 1346 3012 occa·

261 3038 449 3103 gubernandae.
484 3037 515 3086 In
527 3037 645 3100 Arrgnstc
657 3052 715 3100 cap.
727 3041 769 3088 tr.
821 3039 892 3086 aioue
902 3036 1006 3092 Christi.
1016 3049 1072 3084 euru
1085 3034 1217 3098 discipulis
1228 3037 1285 3099 ejus
1296 3037 1348 3086 dia·

292 3121 308 3146 ¹
331 3111 425 3176 Lpeiia]
453 3111 532 3174 Lycia
553 3111 622 3162 Asia
643 3114 713 3176 regio
735 3121 784 3166 eat.
821 3113 950 3161 ridebant.

260 3187 337 3241 hodie
357 3187 481 3247 Aldiaeili,
503 3187 552 3242 rel.
574 3195 603 3236 ut
624 3188 667 3238 alii
689 3189 785 3242 aolrrnt,
853 3185 993 3247 *Cbreetd
1011 3187 1054 3235 Sic
1067 3188 1217 3236 Torrentius
1229 3188 1254 3236 in
1268 3203 1347 3238 unos

260 3264 384 3326 Brieqais.
417 3262 537 3312 Reddere
556 3263 700 3315 libertatem
721 3262 785 3312 Urbi
821 3263 873 3312 suis
884 3263 966 3320 libris.
978 3277 1036 3312 cum
1049 3265 1074 3311 ia
1086 3263 1142 3312 aliis
1152 3263 1347 3328 omuibnalege·

260 3339 301 3387 sel
317 3338 465 3402 provincie,
482 3346 523 3388 eat
538 3338 591 3388 suia
605 3339 674 3389 illam
686 3338 785 3402 legibue
822 3345 893 3386 retur
906 3337 1026 3394 Citeresto,
1037 3346 1081 3387 aut
1091 3339 1225 3398 Clereatra,
1238 3341 1277 3388 sel
1288 3341 1347 3390 ctis·-

260 3413 483 3465 admiaistraudaru
512 3414 671 3478 permittere,
695 3421 785 3464 eontra
821 3419 891 3464 reate.
915 3413 1035 3464 Nostram
1048 3415 1346 3466 lecticuem'l'ertulliaul

262 3489 551 3538 verecundemtcllare.
821 3500 849 3538 et
873 3489 999 3538 Laetantii
1021 3496 1108 3539 tuetur
1136 3490 1295 3548 auctoritem
1320 3490 1346 3538 bi

290 3571 303 3598 ¹
320 3563 459 3626 llieaaibus]
473 3564 519 3612 His
529 3571 556 3614 et
565 3567 785 3628 Romanismagoa
821 3564 888 3613 euim
901 3563 994 3612 darent
1006 3562 1300 3612 CirriatumSaleatcrern
1309 3565 1346 3614 alc

261 3637 432 3697 necesciturlo‚
443 3638 515 3701 eujua
530 3639 646 3688 meminit
657 3648 684 3687 et
699 3639 785 3688 lirion
822 3638 854 3687 ab
871 3638 955 3700 impiis
974 3637 1129 3686 derisoribus
1148 3639 1272 3700 appellari
1288 3639 1347 3688 soli·

262 3714 353 3766 decad
367 3729 406 3764 rr.
424 3714 467 3764 lib.
480 3728 531 3764 vrr.
548 3721 575 3763 et
587 3729 648 3764 vrrs.
660 3715 704 3764 lib.
717 3728 735 3762 ι.
752 3713 786 3763 ad
822 3719 885 3774 tum,
896 3719 995 3762 mutato
1009 3713 1019 3760 ι’
1033 3713 1058 3760 iu
1073 3727 1144 3774 sper
1156 3715 1346 3773 contumeliam,

261 3795 371 3854 capii.
403 3788 730 3852 mre-iuueroneeapr.
822 3797 850 3837 nt
862 3788 894 3837 de
906 3788 1044 3837 Pertinace
1056 3787 1217 3850 Capitulinus
1229 3790 1345 3850 tradidit,

292 3869 427 3932 racemo]
458 3869 507 3917 Uni
522 3881 556 3916 ex
574 3869 654 3930 Syriae
673 3867 785 3931 regibus,
821 3879 879 3914 eum
902 3864 1001 3912 seilicet
1027 3862 1220 3927 ‘Cirrestclcgi'
1244 3866 1345 3916 neanias

261 3953 319 4008 post
332 3943 506 3994 Alexandrum
520 3943 650 4000 Magnum.
822 3937 989 4000 appellatura.
1012 3937 1080 4002 quod
1103 3937 1170 3987 bona
1188 3937 1346 4003 loqueretur,

292 4028 302 4054 ¹
318 4019 426 4080 dndoece]
442 4019 503 4066 'l'am
515 4017 602 4068 Greci
615 4031 688 4082 quam
702 4017 785 4068 Latini
821 4015 886 4064 craia
900 4019 1071 4077 perpetraret.

261 4091 784 4154 auctoreaillinaauenlbcbristiauoadu·
852 4087 1020 4150 tomum]
1048 4088 1118 4138 boec
1142 4087 1168 4137 in
1190 4091 1346 4153 spectaculis

262 4167 324 4220 daris
334 4175 510 4218 annumerant.
539 4167 645 4220 Judass
657 4167 784 4233 igiturbic
822 4165 1027 4230 honoratissimo,
1048 4165 1073 4216 lu
1090 4165 1162 4218 dulia
1179 4181 1238 4233 cap.
1258 4172 1298 4220 ³9.
1318 4176 1346 4220 et
