3084 4836
233 305 320 374 tols
661 329 692 374 o.
715 327 892 378 sunroun

229 466 418 558 Ιεειιιίιςιειοὶ
438 467 558 548 erant,‘¹
580 471 724 549 (Livium
747 481 782 537 et
805 473 947 538 Ennium
964 474 1053 552 dico,
1075 493 1162 558 quos
1182 479 1320 558 utraque

219 559 349 647 'lingua
369 568 457 633 domi
477 571 623 656 forisque
646 572 814 651 docuisse,
836 581 1016 640 ιιιιιιιιῑιιιιι4
1038 575 1130 658 est‚·)
1150 576 1230 639 nihil
1251 595 1321 640 arn·

235 665 325 746 plius
347 686 448 749 quam
473 669 595 736 Graeca
618 672 958 756 ἰιιιοιριιιιιιῑιιιιιίιιιεἕ
978 696 1018 740 ac
1043 676 1173 759 siquid
1202 673 1322 740 Latiae

694 851 841 873 uueeun
845 853 873 872 Ob

235 977 252 1022 t
268 975 343 1025 corr.
353 974 380 1026 J.
393 976 421 1026 F.
434 975 515 1030 Groa.
531 982 677 1042 ιιιὶιιοιιιιιιιιι,
696 984 864 1048 probantibus
876 987 945 1036 Oud.
960 992 988 1035 at
999 984 1077 1035 Wolf.
1110 988 1173 1036 Mox
1185 988 1272 1038 Graes
1289 993 1323 1038 aa

236 1039 414 1090 emendatione
426 1041 536 1094 Caaaub.
548 1045 653 1095 edidere
665 1048 754 1097 Burin.
766 1049 835 1098 0ud.
848 1056 875 1100 at
887 1065 959 1114 seqq.
969 1051 1046 1114 vulg.
1059 1051 1151 1101 Graes.
1183 1053 1234 1101 Sed
1252 1055 1323 1101 Gra·

728 1195 837 1246 NorAE
929 1223 933 1232 ·

270 1280 282 1314 ὓ
308 1280 428 1345 Siquidem
456 1285 614 1348 antiquissimi
643 1290 762 1338 doctarum
801 1292 859 1351 nit;
884 1292 937 1356 qui,
959 1299 987 1340 nt
1009 1291 1098 1341 scribit
1120 1291 1180 1341 Sex.
1202 1289 1323 1339 Aurelius

237 1355 330 1418 asidera
347 1363 371 1406 et
383 1357 458 1420 pnite
473 1365 496 1408 rt
511 1367 616 1411 matures
631 1363 763 1424 remigranti
801 1366 901 1424 Victor,
917 1367 943 1414 in
961 1373 1072 1429 praetura
1092 1365 1233 1415 Sardiniam
1251 1365 1325 1414 sube-

237 1429 317 1492 erurt]
352 1432 499 1496 Legendurn
522 1437 624 1486 ridetur
644 1441 763 1489 doctorum
800 1439 857 1503 git:
876 1440 962 1505 ibique
980 1451 1021 1492 est
1037 1442 1069 1491 ab
1088 1442 1172 1490 Ennio
1183 1442 1283 1491 Grueis
1295 1442 1325 1489 li·

237 1505 341 1566 quidnm.
360 1505 528 1559 nonnosus.
802 1516 863 1565 teris
875 1516 998 1566 eruditus.
1030 1516 1081 1566 seu
1100 1524 1144 1565 aut
1162 1518 1228 1568 Cato
1246 1517 1325 1566 Enni·

273 1581 322 1636 Qui
339 1583 409 1630 iidem
420 1587 443 1632 et
460 1585 535 1646 onita
546 1592 570 1635 et
581 1594 684 1638 oratores
694 1591 763 1639 sesai·
802 1604 843 1639 um
867 1591 949 1640 Roma
966 1607 1053 1641 secum
1074 1592 1100 1641 in
1121 1592 1262 1642 Sardiniam
1279 1593 1326 1642 ab·

239 1657 408 1720 granleiras]
434 1657 765 1716 deodicabtediol.abest
802 1664 884 1722 duait,
907 1673 951 1715 aut
971 1669 1062 1717 Victor
1081 1675 1201 1730 praeturae
1219 1667 1326 1717 Catonia

241 1744 289 1778 sors
301 1737 420 1782 mseras.-
436 1735 505 1797 quod
525 1749 575 1786 noa
594 1737 683 1801 probo.
712 1740 765 1791 lbi·
803 1740 903 1797 tribuit,
914 1741 981 1805 quod
994 1749 1132 1805 quaesturae
1140 1743 1256 1806 ejusdem
1264 1757 1327 1794 eon-

240 1806 299 1856 dena
321 1807 376 1857 sine
398 1811 582 1872 parentheseoa
604 1815 671 1864 notia
693 1816 765 1866 locus
803 1813 921 1877 graebat.
953 1816 1068 1865 AEruiliur
1082 1815 1327 1880 Paulur‚sireCnr-

240 1881 277 1930 ita
294 1883 457 1946 concipitur:
473 1887 589 1948 siquidem
608 1891 766 1954 antiquissimi
803 1889 885 1938 aelius
897 1889 995 1953 Nepos,
1008 1891 1091 1940 inrita
1103 1892 1221 1941 Catonis:
1234 1895 1242 1921 ⁴
1255 1893 1327 1943 Prae·

240 1959 360 2007 doctorum
372 1961 471 2022 quidem,
482 1967 506 2011 st
514 1963 589 2026 auita
599 1971 624 2014 et
633 1967 766 2028 atsaiwi
805 1973 845 2014 tor
864 1966 1020 2027 prouinciam
1042 1967 1154 2018 obtinuit
1169 1967 1309 2017 Sardiniam
1320 1985 1328 2030 ς

240 2039 316 2082 maist.
332 2034 427 2084 Liuiam
448 2043 472 2084 et
492 2039 594 2087 Ennium
613 2042 638 2089 d.
655 2042 765 2093 casaub.
804 2055 836 2090 oa
856 2057 908 2104 qus
927 2045 1046 2094 Quaeret
1059 2046 1193 2108 superiora
1211 2053 1328 2107 temnere

273 2108 409 2164 Doctorum,
427 2112 469 2173 qai
484 2112 567 2174 iidem]
583 2114 626 2163 Sic
638 2115 680 2164 hie
694 2117 765 2167 loeus
804 2126 837 2166 ea
850 2117 939 2168 Africa
950 2118 1090 2182 decedens,
1102 2122 1136 2172 Q.
1147 2122 1256 2186 ¹llusrirun
1268 2121 1330 2184 ooli·

241 2179 337 2228 dudum
357 2195 372 2229 a
389 2181 472 2232 doctis
490 2184 551 2233 siris
567 2194 607 2236 eet
624 2203 669 2238 suo
689 2191 765 2240 ultori
805 2198 857 2241 tarn
880 2192 1041 2246 deduxerat:
1065 2196 1132 2260 quod
1153 2211 1204 2246 non
1223 2198 1328 2246 mineris

242 2255 388 2305 restitutas.
406 2257 524 2309 Burman.
804 2268 968 2328 astirnamus,
980 2283 1055 2332 quam
1073 2271 1215 2334 quemlibet
1228 2271 1331 2335 amplia·

274 2328 397 2379 ‘Liviana
407 2338 431 2380 et
446 2333 547 2384 Ennium
557 2336 623 2386 diro:
634 2353 689 2401 quos
700 2345 765 2390 atra·
805 2343 894 2392 simum
930 2343 1120 2394 Sardiniensem
1154 2346 1331 2410 triumphurn!

241 2407 447 2468 qaetngaaasmt
457 2411 767 2476 somsqmdocuissmdno·
806 2418 892 2466 Rerum
914 2425 1001 2469 antem
1018 2421 1111 2470 inultos
1129 2432 1207 2470 annos
1222 2421 1329 2471 Graecas
1431 2441 1434 2444 ·

242 2485 291 2528 turs
310 2483 356 2546 est]
382 2483 509 2535 Docoisse
528 2487 627 2537 tabulas
647 2493 765 2553 stilicen
805 2492 892 2541 literas
906 2495 1014 2543 Ennium
1025 2495 1153 2558 docuisse,
1167 2496 1259 2545 eximie
1271 2509 1330 2559 pro·

243 2567 299 2604 nam
312 2556 333 2605 si
349 2557 412 2606 nibil
421 2561 528 2622 amplius
538 2578 612 2627 quam
624 2564 717 2618 Graes
729 2569 766 2618 in.
805 2566 867 2616 bant
885 2567 909 2615 bi
923 2568 1041 2617 versiculi
1054 2569 1134 2633 ipsius
1147 2570 1222 2620 Ennii
1234 2569 1267 2619 de
1278 2571 1330 2619 Ro·

243 2632 459 2693 terpretabantur,
472 2637 563 2688 Latina
573 2641 638 2690 alios
650 2642 767 2705 proiecto
804 2642 902 2692 mania:
920 2643 1102 2693 ‘contendunt
1120 2645 1241 2694 orm&
1261 2646 1330 2696 0¹⁸·

244 2718 293 2755 non
306 2707 440 2759 docebant.
459 2712 546 2762 seusu.
559 2714 624 2764 Stat.
806 2718 844 2766 ios
855 2731 995 2768 memorare
1007 2719 1091 2768 soleat
1102 2733 1151 2768 aas.
1171 2719 1247 2772 Qirod
1256 2719 1331 2771 ore-

274 2782 406 2847 Adsotans]
436 2787 472 2836 Ut
498 2788 623 2852 adprime,
650 2789 766 2843 adfabre.
806 2807 837 2841 ea
857 2793 945 2857 lingua
961 2796 1052 2856 longos
1072 2795 1332 2859 parsenpsrtsrsae·

243 2857 371 2922 Loquitur
382 2861 472 2911 eodem
490 2863 767 2916 nrodoCorn.Tac.in
807 2876 847 2917 tus
871 2869 926 2918 Hos
946 2871 1021 2934 pavi!
1055 2872 1125 2934 Lege
1147 2886 1203 2936 qne
1225 2873 1331 2936 scripait

245 2944 284 2979 vr.
304 2937 328 2981 8.
347 2935 486 2984 ‘Fortunae
505 2939 607 3001 quidem
634 2953 699 2988 meaa
716 2939 768 2989 sor·
806 2944 866 2992 olim
877 2943 1006 3006 losephus
1017 2946 1132 3009 Scaliger
1143 2948 1175 2996 ad
1188 2949 1291 2998 Festum
1303 2949 1331 2998 in

244 3011 312 3054 tasse
325 3009 408 3057 minus
425 3011 550 3073 expediat
565 3012 705 3062 adnoacere
721 3015 769 3064 cri·
808 3032 870 3068 voce
882 3020 889 3046 ‘
901 3019 1026 3082 Regium.2
1045 3022 1147 3073 carnut.

243 3093 310 3142 men,
322 3095 397 3144 quarn
410 3084 542 3134 abnuere!
558 3087 646 3137 Aeliu.
659 3090 724 3138 Stat.
840 3094 1025 3158 Domisorisqse
1034 3099 1148 3146 adnotata
1157 3098 1205 3160 est]
1229 3099 1331 3161 Sariba,

276 3154 340 3209 Qasr
360 3162 459 3221 atraque
478 3159 562 3222 liugas
582 3163 645 3211 dama·
661 3164 769 3228 sonisque
806 3170 943 3218 adnotatum
970 3177 1013 3220 est.
1053 3173 1152 3221 Plinius
1179 3186 1279 3222 saurir.
1305 3179 1331 3224 a.

242 3229 347 3280 acuisse
373 3234 485 3284 adantum
516 3237 562 3300 est]
590 3239 645 3285 Viri
673 3241 768 3290 eruditi
806 3247 896 3298 ¹ouin
913 3252 941 3296 et
960 3257 1066 3312 repente
1082 3251 1257 3301 conticescere
1270 3265 1332 3301 eon·

243 3303 395 3355 ‘domim'
422 3307 464 3358 hic
490 3310 631 3374 accipiunt,
658 3323 687 3363 ut
709 3330 767 3365 esim
809 3323 901 3372 sirium
924 3323 1073 3374 adnotatum
1095 3333 1145 3388 est,
1165 3326 1283 3376 nonnisi
1303 3328 1331 3376 iu

243 3379 352 3430 dicimus
379 3382 473 3434 docere
498 3384 622 3446 tabulam,
645 3396 672 3438 ot
693 3390 767 3440 Gra·
808 3397 1175 3461 paripraesontinmnunraro.'
1205 3401 1332 3452 ldemlib.

242 3457 266 3502 ei
294 3455 420 3521 baldanus,
446 3461 514 3510 unde
541 3463 689 3514 διδασκαλίαι
714 3469 768 3529 δρο-
808 3479 925 3523 anm.
941 3475 982 3523 ‘E
1002 3476 1147 3525 volucribus
1164 3478 1189 3525 in
1209 3479 1332 3528 auxilinm

242 3529 330 3591 μάτων,
348 3535 374 3583 tr.
393 3549 416 3583 e.
432 3539 723 3603 amentissimum,
739 3550 768 3592 et
806 3557 898 3596 eontra
915 3558 1051 3612 serpente·
1071 3552 1166 3614 primus
1184 3554 1269 3602 voltur
1281 3563 1333 3605 est.
1423 3555 1427 3560 '

243 3611 342 3654 certum
364 3608 467 3670 quidem
495 3619 545 3670 est,
569 3613 666 3662 Liuium
688 3623 767 3678 atquo
806 3622 1333 3691 Adnotatumquoqueminuaririnmesre

243 3677 351 3728 Ennium
362 3679 697 3737 inbolasnrultaadoeuisse.
730 3689 767 3738 As
807 3696 903 3758 nigris!
922 3701 1027 3751 Gronov.

243 3753 349 3804 Graecas
361 3759 499 3819 trsgoedias
512 3766 557 3809 ant
573 3763 709 3812 comoedias
727 3765 765 3828 ip·
840 3768 933 3822 ‘Nltu
949 3779 1049 3840 amplias
1066 3793 1135 3842 amm
1156 3783 1241 3831 Graes
1259 3784 1334 3833 ister·

242 3841 284 3876 aoa
305 3832 485 3894 composuisse,
508 3835 547 3882 uel
570 3835 693 3898 docuisse,
717 3853 766 3888 uon
805 3847 970 3914 prolabuntur]
989 3853 1247 3918 (huninolegendum
1261 3859 1334 3906 Groe·

241 3902 357 3966 legimus.
371 3913 413 3954 est
425 3921 486 3956 sero
505 3909 650 3962 indubitata
662 3929 703 3963 res
716 3917 767 3964 En·
806 3936 834 3971 ea
861 3925 1092 3987 interpretatorium
1116 3943 1174 3979 narn
1198 3933 1240 3980 cni
1265 3933 1333 3984 bono

243 3978 311 4027 nium
323 3980 412 4029 literas
424 3981 548 4048 docuisse,
559 3994 587 4034 et
598 3987 675 4045 dorni,
683 3989 708 4038 id
718 4000 767 4054 est,
808 3997 899 4048 Latina
916 4000 1008 4050 Graece
1025 4003 1202 4066 interpretari,
1213 4021 1270 4056 eum
1283 4007 1334 4071 illi,

245 4052 341 4113 Rome,
353 4062 381 4102 et
392 4054 463 4120 loris,
474 4059 521 4108 troo
539 4069 586 4115 eat,
604 4063 630 4110 iu
646 4065 767 4117 Sardinia
806 4073 1018 4137 qnosdooebnat,
1035 4079 1142 4128 Graecae
1158 4080 1246 4131 literas
1262 4077 1337 4144 igno-

241 4125 332 4182 insula,
349 4131 391 4180 ubi
404 4131 484 4194 iprum
499 4135 604 4186 Porcius
618 4139 682 4191 Cato
696 4141 766 4192 iure·
807 4148 911 4197 sarens?
930 4151 1030 4200 (tumui.
