3104 4830
275 343 340 410 916
701 351 735 400 c.
757 345 936 400 sunrorrtr

277 493 378 570 etiam
404 497 601 584 gravissima
619 496 795 580 increpuit,
816 492 1052 572 ‘Maluissem
1075 453 1190 566 ullium
1216 487 1366 556 oboluis-

217 651 226 664 ·
276 604 361 686 ses3’
387 604 569 685 literosque
596 597 776 664 revocavit.
821 594 1026 660 classiarios
1039 589 1083 632 '¹⁰¹
1112 611 1203 671 roro,
1233 593 1292 677 qni
1322 593 1366 658 ab

276 706 376 773 Ostia
389 712 422 772 et
436 702 589 768 Puteolis
604 701 747 766 Romam
764 698 908 781 podibus
922 715 982 780 per
997 696 1090 760 vices
1101 703 1111 734 ¹
1122 702 1143 730 ¹⁰
1166 699 1366 771 commeant,

249 809 253 818 “
274 814 440 894 petentes,
458 803 641 870 ‘constitui
662 800 790 886 aliquid
809 799 875 864 sibi
897 798 1053 863 calcearii
1067 795 1244 874 nomine,’'
1267 796 1365 880 quasi

273 931 391 996 parum
408 915 513 984 osset,
530 907 602 973 sino
617 919 777 986 responso
790 902 949 984 abegisse,
961 898 1067 982 jussit
1086 899 1234 982 posthaeo
1250 897 1366 963 axoni·

274 1017 414 1079 coatoa⁰
428 1009 604 1073 cursitare:
628 1014 720 1070 etex
736 1023 776 1068 eo
792 1005 840 1068 ita
864 1003 1041 1068 cursitant.
1082 999 1274 1077 Achaiam?
1297 1000 1365 1083 Ly·

273 1115 386 1188 ciam,q
413 1107 585 1183 Rhodum,
610 1107 821 1190 Byzantium,
850 1104 999 1182 Samum,
1029 1103 1182 1168 libertato
1217 1103 1365 1178 ademta,

272 1217 349 1281 item
365 1212 567 1287 'l.⁸hraciom,²
587 1208 765 1287 Ciliciam,r
780 1217 814 1272 ot
827 1206 1094 1288 Commagenen,⁸
1114 1203 1251 1270 ditionis
1265 1205 1364 1286 regim

728 1385 908 1410 ΟΝΙΙΟΜΙΟΟΙ

271 1511 338 1558 salta
348 1521 399 1572 esp.
433 1505 496 1556 Mox
508 1504 636 1568 increpavit
651 1501 731 1552 vind.
742 1505 767 1553 Ι.
785 1503 859 1554 Cost-
875 1501 949 1550 utiam
965 1505 1086 1550 exsrstsm
1102 1499 1128 1548 in
1145 1498 1249 1547 Meum.
1266 1497 1365 1548 Medic.

272 1573 351 1624 vind.
362 1577 387 1622 2.
399 1573 473 1622 Cart.
485 1571 565 1620 Foue·
575 1577 603 1618 st
615 1569 711 1632 aliquot
722 1567 796 1616 Torr.
806 1581 863 1616 cum
871 1564 938 1614 lidd.
948 1565 1015 1614 Ven-
1026 1569 1048 1614 1.
1060 1564 1127 1612 Bou.
1150 1563 1218 1612 Dein
1228 1562 1366 1612 sdskstssea

272 1636 371 1687 Medic.
387 1641 412 1687 8.
426 1635 505 1684 Fonc.
523 1633 658 1682 odoterisaes
675 1631 754 1681 Potit.
772 1629 820 1680 Ed.
831 1630 898 1679 Van.
916 1635 939 1679 t.
951 1628 1076 1679 adrisisees
1085 1627 1163 1676 vinu.
1175 1631 1199 1678 ἱ.
1211 1627 1284 1678 corr.
1297 1626 1364 1676 Eud.

272 1700 349 1751 Rom.
360 1714 411 1750 see.
424 1702 489 1749 Ven.
501 1695 760 1748 sarracinorum.
772 1697 861 1758 Camp.
875 1693 1013 1744 adeteriaaes
1025 1692 1206 1743 nartem-ro
1224 1691 1367 1742 classiarias

272 1765 389 1815 Heriem.
422 1764 471 1812 vir
482 1765 551 1812 doct.
564 1763 590 1809 in
602 1774 647 1810 ors
659 1760 706 1810 Ed.
722 1759 813 1824 steph.
832 1759 951 1822 ssrripsit
961 1758 1093 1807 mteisriss.
1106 1757 1184 1807 Fouc.
1193 1754 1223 1804 ab
1234 1755 1366 1806 Hostis.-

272 1833 285 1878 1
306 1829 356 1879 Per
365 1829 427 1879 uicos
437 1827 537 1878 viterb.
548 1827 604 1875 Pei.
619 1830 642 1874 1.
657 1823 754 1874 Medio.
766 1825 789 1872 1.
809 1823 926 1874 Heriem.
947 1823 1014 1872 Edd.
1029 1823 1096 1872 Vsu.
1112 1821 1185 1872 dunt.
1204 1819 1287 1885 Lupd.
1306 1817 1366 1870 stc.

770 1969 876 2020 Nom

273 2076 319 2120 sut
334 2067 475 2132 provinciae
494 2068 644 2132 cujusdsm3
665 2081 714 2117 uec
731 2065 799 2115 enim
868 2072 880 2098 ⁰
897 2063 1064 2128 Επιιιιιεω]
1085 2065 1117 2114 ln
1139 2063 1299 2114 Salmasisuo
1320 2077 1365 2114 eo·

271 2142 300 2192 id
322 2156 386 2192 onus
409 2156 457 2204 par
479 2141 663 2191 adolescentuli
689 2141 799 2202 viribon
837 2139 1272 2204 dicetegitschiidiuseseslriatcs.

271 2218 317 2268 sed
329 2218 377 2267 etas
388 2216 472 2278 unius,
483 2224 513 2266 ut
524 2215 550 2266 in
560 2217 627 2281 Aug.
640 2230 698 2280 cap.
710 2219 751 2265 ⁸8.
867 2225 880 2260 r
896 2217 1024 2282 Actutum]
1041 2217 1081 2266 Dc
1096 2231 1138 2278 ea,
1151 2222 1274 2281 quautam
1291 2220 1364 2278 pate-

303 2292 311 2326 ¹
328 2291 481 2354 ctmsisrios]
498 2293 537 2342 De
549 2292 693 2342 classiariis
704 2291 798 2354 passim
837 2294 922 2354 rst,tn
932 2292 989 2343 Tib.
999 2308 1058 2357 csp.
1069 2295 1094 2342 t.
1111 2291 1186 2342 Hauc
1195 2291 1303 2341 Senatui
1312 2297 1364 2356 tra·

271 2367 607 2433 tonsuratorumetsner.
623 2369 685 2418 itum
697 2367 798 2418 Plinius
836 2367 903 2418 didit
931 2367 1159 2419 administrandam
1187 2365 1309 2417 Claudios
1337 2365 1364 2415 iu

271 2446 297 2494 tn
308 2444 385 2508 epist.
395 2442 428 2493 de
441 2450 523 2492 morte
534 2444 662 2507 sroncoli,
674 2459 705 2496 se
715 2445 799 2494 ceteri
837 2442 929 2495 claud.
946 2458 1006 2507 esp.
1023 2449 1064 2495 tt.
1094 2444 1189 2506 Quam,
1205 2441 1325 2492 libertate
1347 2457 1365 2514 a

270 2534 373 2586 quoque
392 2519 506 2570 historici
527 2519 706 2582 meminerunt,
717 2527 745 2570 et
755 2534 797 2570 sa·
838 2519 943 2570 Nerone
955 2519 1086 2580 donatam,
1103 2519 1130 2568 iu
1142 2519 1365 2584 senespasio

191 2599 194 2616 '
271 2602 340 2646 teres
358 2594 555 2660 inscriptiones:
578 2593 624 2644 sed
640 2595 674 2645 de
690 2594 738 2644 hnc
756 2609 798 2644 ao·
837 2594 975 2657 provincias
1001 2592 1108 2644 formam
1140 2593 1235 2645 iterum
1262 2593 1365 2658 redegit

269 2683 326 2720 rum
337 2669 506 2720 comisatione
514 2669 577 2720 ntrtt
588 2670 638 2734 tegi
647 2670 717 2734 apud
725 2670 798 2721 aiios.
836 2668 1019 2734 Vespasianus.

268 2745 421 2810 stuttes,sr
431 2759 480 2796 uon
492 2746 568 2796 tidem
581 2753 676 2809 tamen,
686 2749 798 2798 Dromo·
868 2755 881 2789 ι
898 2747 1007 2811 Quium]
1025 2744 1112 2795 Hodie
1124 2745 1247 2800 sursera,
1264 2744 1316 2809 rei,
1334 2752 1363 2796 ut

269 2822 346 2884 nsrii,
364 2821 396 2870 de
414 2820 507 2886 quibus
524 2822 692 2874 Cassiodorus
708 2822 753 2872 trs.
766 2837 798 2872 ιι.
836 2821 889 2885 alii,
901 2821 1026 2886 Brioqas'n.
1055 2821 1140 2871 Nemo
1151 2835 1202 2871 nou
1212 2817 1295 2884 norit,
1305 2835 1363 2887 qum

270 2905 299 2948 et
309 2912 348 2949 ιι.
361 2898 461 2946 cnseat.
482 2898 490 2926 ‘
504 2897 668 2948 Classiarios’
680 2897 798 2963 remiges,
836 2904 988 2962 sequuntur,
1000 2898 1127 2960 regiones.

270 2989 316 3024 ssu
335 2974 438 3024 neuster
455 2974 538 3026 socios
559 2973 648 3032 tuisse,
665 2977 721 3039 jans
738 2983 798 3026 suta
867 2971 1021 3034 frtrem,
1032 2973 1154 3037 cilicium]
1165 2972 1300 3024 Turnebus
1309 2972 1364 3023 Ad·

270 3048 416 3106 didicimus,
425 3047 504 3098 oart.
514 3063 537 3099 c.
549 3053 589 3099 ta.
606 3046 741 3100 Eurorum
750 3051 798 3114 igi·
835 3063 933 3098 verssr.
943 3061 1021 3099 xxrv.
1032 3065 1056 3100 c.
1066 3054 1107 3100 sti.
1124 3049 1260 3114 legendum
1272 3055 1364 3101 censet

269 3131 313 3174 tur
333 3135 441 3187 corpore
468 3122 571 3188 quidam
592 3124 660 3174 uitro
681 3124 797 3190 citroque
837 3124 978 3174 rrsesnm
994 3125 1248 3190 perseniamtuquit,
1264 3123 1362 3176 cittein

271 3199 349 3251 Ostis
365 3199 472 3250 Romam
485 3199 595 3264 podibus
611 3202 797 3254 commeabant.
835 3209 944 3265 propter
959 3203 1126 3266 asperitatem
1144 3203 1278 3262 montium,
1288 3209 1319 3251 nt
1329 3215 1363 3250 es

271 3275 313 3326 De
336 3274 429 3340 quibus
455 3275 497 3327 hic
524 3275 670 3328 Suetonius.
698 3278 797 3328 Terrea-
835 3275 1120 3340 Geogrspirtseonstst,
1135 3278 1243 3328 nasuta
1259 3277 1363 3328 disciss-

270 3353 330 3401 tiss.
835 3357 886 3402 tur.
903 3352 980 3404 Quod
989 3367 1021 3404 ex
1031 3353 1166 3403 Strabonis
1176 3353 1220 3404 rm
1232 3367 1291 3404 xrs.
1302 3367 1363 3404 con·

301 3435 319 3460 ¹⁸
335 3427 386 3476 Per
405 3428 479 3491 mres]
503 3427 546 3478 Sic
561 3443 594 3480 ex
613 3429 711 3480 Pithoei
733 3430 795 3480 stio-
834 3432 905 3476 srsre
918 3428 1044 3491 potuerit:
1062 3429 1363 3480 etdisertiasbAursiis

269 3513 377 3566 rumque
388 3500 459 3551 tibris
470 3502 579 3552 caesuin
591 3511 620 3554 nt
631 3510 659 3553 et
673 3505 794 3554 Torreat.
835 3503 943 3552 Victore
954 3503 1039 3553 serbis
1048 3517 1089 3554 res
1100 3504 1247 3568 espiicstur
1262 3504 1287 3554 iu
1297 3505 1364 3554 Vsa·

269 3591 302 3625 ex
312 3577 373 3625 suis.
392 3575 422 3625 tu
435 3575 594 3628 viterbiensi
607 3587 693 3628 temen
702 3589 729 3629 et
742 3583 795 3630 rut·
835 3577 957 3640 parianus
974 3577 1070 3643 ‘Syris
1081 3593 1127 3630 ssu
1137 3579 1291 3642 Palatius,
1303 3593 1364 3631 sse·

269 3651 337 3714 estis
346 3651 442 3716 legitur
450 3663 494 3715 per
503 3654 575 3716 mose,
586 3653 653 3718 qnod
664 3662 691 3704 et
704 3663 797 3718 potest.
834 3667 885 3704 non
902 3655 994 3705 Cilicia
1003 3654 1128 3713 hachen,
1145 3661 1172 3706 et
1181 3657 1364 3721 Commagene,

270 3727 329 3778 Nee
343 3728 411 3777 enim
430 3725 547 3789 dubium,
565 3729 625 3792 quin
638 3728 716 3779 Ostia
730 3744 797 3792 prse-
834 3743 911 3793 quars
931 3730 1007 3780 hodie
1018 3731 1301 3795 Augustoptratensem
1317 3746 1363 3782 no·

269 3803 359 3854 sertim
377 3802 486 3854 Romam
506 3817 588 3869 usqne
605 3804 688 3868 pierre
710 3804 797 3855 forent
834 3805 1120 3870 miusmus,prosineiis
1133 3808 1284 3858 accessere.’
1310 3807 1364 3860 En·

270 3880 335 3942 ripae
348 3877 474 3930 edificiis.
834 3883 932 3946 tropiss
952 3881 1063 3947 quo‘que,
1081 3883 1107 3932 iu
1130 3883 1187 3947 ejus
1205 3885 1242 3934 rei
1259 3899 1364 3934 enarra·

301 3963 313 3989 ¹
332 3957 450 4006 cstresrii
469 3956 572 4020 semim]
597 3957 658 4007 Hoc
680 3963 728 4014 ert,
748 3969 795 4021 pru
834 3957 915 4014 tione.
926 3957 1025 4008 Citioier
1035 3957 1162 4009 Trachon
1174 3961 1298 4010 meminit.
1315 3960 1363 4011 At·

268 4028 399 4087 dcsstire‚
414 4032 482 4095 qnod
500 4032 525 4082 in
547 4033 649 4083 estesse
664 4033 797 4098 impende·
833 4047 883 4096 que
906 4033 971 4083 adeo
993 4040 1064 4084 rents
1089 4033 1193 4084 ridetur
1214 4035 1363 4086 emendatis

268 4112 348 4153 retur.
372 4106 509 4160 Quomodo
520 4114 548 4158 st
559 4109 685 4158 essarium
697 4115 725 4158 et
740 4109 796 4174 pst·
834 4107 957 4170 Tametsi,
968 4121 1016 4158 uec
1030 4107 1187 4160 dissentiunt
1198 4110 1363 4175 interpretes.

267 4179 383 4230 marinus·
835 4183 1149 4249 veramquts'l'hrseism
1161 4199 1364 4251 quoquesocen·
