3114 4828
212 281 276 346 696
643 297 674 342 c.
698 293 881 344 susanntr

212 440 281 509 talc
296 437 403 504 aliud¹
422 455 536 522 patum
553 437 725 502 cessisset.
771 436 908 502 Inclusit
927 443 963 500 et
984 457 1087 502 unum
1111 457 1155 504 ex
1177 458 1312 504 nomen·

214 540 443 606 oblatoribusw
481 539 562 617 suia,
598 539 685 602 sicut
719 545 790 602 erat
820 543 974 620 togatus-²
1019 538 1102 621 [35]
1136 539 1204 604 Sed
1233 541 1316 606 nihil

215 661 312 726 teque
341 658 440 724 quam
470 639 606 706 timidus
635 658 675 704 ac
704 637 857 706 diffidens
889 638 963 704 suit.
1024 639 1148 705 Primis
1185 640 1317 723 imperii

215 743 358 818 diebus?
374 762 575 826 quanquam,
592 749 631 806 ut
645 740 804 818 diximus,
823 743 970 826 jactator
992 742 1192 818 civilitatis,¹
1207 761 1316 826 neque

215 845 370 911 cnnriria
384 845 468 910 inire
483 864 587 910 ausus
603 852 669 922 cst,
684 844 750 908 nisi
772 849 810 906 nt
831 844 1082 926 speculatorem
1097 863 1171 908 cum
1189 844 1317 908 lanceis

216 948 479 1022 circumstarent,
501 947 689 1029 militesque
710 947 785 1010 vice
809 945 1053 1009 ministrorum⁴
1086 945 1317 1027 fungerentur:

216 1067 324 1132 neque
341 1067 463 1130 aegrum
481 1068 669 1132 quenquam
686 1049 847 1124 visitavit,
863 1048 928 1112 nisi
944 1047 1127 1130 explorato
1143 1049 1239 1131 prius
1260 1067 1318 1112 cu·

216 1150 342 1228 biculo,
357 1150 558 1233 culcitisque
587 1157 623 1214 et
652 1152 807 1234 stragulis
835 1150 1046 1234 praetentatis
1077 1157 1112 1214 et
1141 1151 1317 1214 excussis:

217 1252 344 1336 reliquo
360 1259 492 1318 autem⁵
515 1259 663 1338 tempore
681 1253 922 1318 salutatoribus
937 1256 1161 1318 scrutatores¹
1184 1271 1320 1336 semper

218 1357 385 1438 apposuit,
401 1361 435 1418 et
448 1355 582 1438 quidem
597 1355 763 1433 omnibus,
779 1363 814 1420 et
828 1355 1076 1420 acerbissimos.
1120 1354 1202 1419 Sero
1223 1355 1314 1418 enim

219 1474 259 1520 ac
275 1455 334 1520 vix
356 1457 492 1533 remisit,
514 1477 555 1520 ne
576 1456 722 1522 soeminae
743 1457 1003 1543 proetexmtique
1023 1456 1118 1540 pueri
1139 1463 1175 1520 et
1195 1455 1318 1540 puellae

217 1563 506 1634 contrectarentur,
521 1562 553 1621 ct
567 1577 608 1621 ne
624 1559 720 1641 cujus
735 1558 873 1622 comiti⁸
887 1563 944 1622 aut
958 1556 1110 1624 librariob
1125 1557 1317 1624 calamariae

218 1663 276 1724 aut
289 1657 606 1742 graphiariae'tbccm
629 1657 855 1724 adimerentur.
900 1658 1000 1724 Monr
1022 1660 1125 1735 civili,
1146 1681 1223 1726 cunr
1243 1679 1319 1726 eum

219 1757 403 1836 Geminus:
421 1779 486 1822 nnn
502 1760 655 1825 dubitans
678 1762 780 1825 etiam
804 1762 887 1826 citra
910 1762 1033 1826 bellurn
1056 1781 1159 1845 posse
1182 1759 1320 1837 terreri,⁵

219 2057 261 2102 sut
273 2051 455 2112 sutburna
465 2052 526 2100 Dal.
543 2052 643 2116 crypt.
665 2053 721 2104 Col.
744 2055 852 2104 Bra-t
871 2053 952 2103 Atictri
971 2067 1017 2116 pro
1036 2054 1102 2103 aliud
1116 2055 1207 2168 sistet
1226 2053 1320 2103 Fabro.

220 2117 331 2166 Cassnb.
344 2117 413 2179 conj.
425 2117 462 2164 ael
471 2116 562 2180 aliquid
571 2117 654 2178 aliem,
664 2127 691 2167 tt
701 2120 793 2181 aliquid
801 2117 924 2168 ssntnest
936 2119 1031 2168 Medic.
1040 2123 1065 2168 ὓ.
1075 2119 1114 2169 Ed
1135 2120 1210 2168 .Brr.
1220 2119 1320 2182 Gryplr.

219 2181 425 2230 mdabat
437 2180 545 2244 (ieje-²
567 2183 601 2232 tn
612 2187 663 2231 rrut
676 2184 744 2234 Edtl.
757 2185 830 2234 Rom.
841 2184 1049 2234 watstnnsttet
1059 2185 1121 2235 tirsi
1132 2190 1193 2244 mr,
1205 2189 1320 2244 tractu.

220 2250 269 2298 -8
286 2245 353 2296 Eud.
366 2246 440 2294 nom.
453 2246 512 2296 ltus.
525 2246 557 2295 sl.
571 2246 713 2310 pleniorem
725 2247 844 2298 rlistinct.
857 2249 1007 2312 postrenus
1018 2247 1322 2312 habeunncnpostssit.

219 2311 288 2360 Dein
300 2310 348 2360 nisi
357 2310 397 2360 ubi
407 2310 466 2374 spic.
479 2311 544 2360 Coti.
556 2311 616 2362 Urs.
629 2313 675 2362 sert
686 2328 750 2378 spec.
762 2313 794 2362 ab
805 2321 860 2378 opt.
872 2314 936 2364 Mas.
948 2314 1121 2376 pranderunt
1138 2313 1209 2362 Oad.
1221 2313 1283 2362 Era.
1295 2319 1323 2363 ut

220 2375 297 2424 deest
308 2375 373 2438 Cep.
384 2389 437 2424 ttrrn
446 2389 498 2422 eam
507 2376 568 2426 lass.
580 2375 712 2428 Parin-t
734 2377 812 2428 Vitem
823 2377 980 2427 canistrutor.
991 2379 1069 2426 Faue.
1087 2379 1151 2427 Tum
1160 2393 1244 2440 agrurn
1255 2379 1321 2440 cop.

220 2439 268 2488 sisi
277 2439 698 2504 stpermrstrtal’al.l.scratutopr.
710 2442 811 2492 viterb.
819 2443 883 2505 expl.
891 2442 1020 2506 ipsimsat.
1029 2443 1103 2492 Voss.
1115 2441 1181 2490 ltenr
1191 2441 1322 2505 mabrica

222 2503 327 2566 qnidam
335 2504 427 2567 scripti
437 2512 465 2552 et
474 2504 548 2560 editi,
556 2506 661 2570 σκυτέας.
671 2505 751 2556 vind.
758 2511 782 2557 2.
801 2507 870 2556 ltenr
879 2507 1022 2569 pertentatis
1029 2506 1096 2555 Eud.
1103 2505 1184 2557 irruit.
1192 2505 1323 2556 Sebini.-

221 2574 236 2617 n
250 2569 328 2630 nias.
339 2583 428 2632 qaoque
438 2568 515 2618 vina.
526 2573 551 2618 t·
562 2584 578 2619 ι
590 2584 623 2620 m.
635 2585 673 2633 pr.
689 2571 787 2622 Postea
795 2577 909 2622 nurum.
917 2570 966 2620 Εὐ.
975 2572 1065 2636 Garun.
1073 2571 1163 2636 Steplr.
1179 2572 1244 2620 Tam
1256 2570 1323 2631 cujas

221 2641 352 2683 testantur
369 2633 477 2684 Merum.
492 2633 551 2709 lits.
567 2634 624 2686 Pu.
643 2637 714 2686 Dan.
733 2635 830 2688 Medic.
842 2641 867 2688 ³.
879 2635 958 2686 vtnd.
976 2646 1030 2687 tres
1041 2637 1129 2686 Burni.
1142 2645 1169 2686 et
1180 2635 1247 2686 aad.
1259 2649 1320 2685 stne.

220 2711 273 2812 ll:
285 2699 1138 2828 tittf'vltttitttttlttttt‘tn.¹³ttt.¹'tt:t.⁰tt.‘tt,
1158 2699 1322 2816 illibi

220 2825 311 2890 steph.
325 2826 396 2891 quib.
407 2827 536 2876 accedunt
548 2827 617 2879 nun.
629 2829 708 2878 Fonc.
718 2835 742 2878 et
750 2843 792 2890 gr.
805 2835 828 2877 st
839 2829 874 2878 tt.
886 2829 996 2892 an.-ti
1015 2831 1098 2878 Testari
1110 2829 1225 2879 Harletu.
1258 2829 1323 2878 Max

716 2969 822 3023 NOTAE

222 3072 277 3132 bns,
293 3077 339 3118 aut
361 3068 392 3117 iis
415 3081 473 3131 quae
495 3068 643 3120 eminebant
663 3069 750 3134 panis·
792 3069 891 3120 sentius
902 3069 927 3118 in
939 3069 1036 3132 optimc
1054 3067 1122 3118 libro
1139 3067 1204 3130 legit
1220 3071 1322 3134 taenia·

222 3148 268 3198 tim
280 3144 304 3194 in
316 3159 344 3191 ss
357 3141 544 3194 residentibus.’
578 3144 749 3210 Deqneptn·
790 3151 861 3195 tores.
896 3143 939 3194 De
948 3143 987 3192 iris
998 3144 1023 3192 in
1035 3143 1153 3207 Caligula
1164 3159 1222 3210 cap.
1233 3149 1274 3196 tt.

221 3239 250 3276 rs
262 3223 311 3286 legi
325 3229 431 3285 ponunt
446 3220 514 3285 apud
528 3221 644 3287 Lipsiurn
661 3223 705 3276 llll.
717 3224 750 3274 de
823 3219 1006 3282 'Scrstutored
1016 3219 1065 3272 Qui
1077 3227 1254 3270 scrutarentur
1264 3222 1322 3271 atle-

221 3297 482 3363 [imbalsamata
791 3307 865 3347 untes
876 3313 904 3346 se
922 3295 954 3346 ad
970 3298 1132 3349 salutationis
1150 3295 1278 3350 efficium:
1297 3299 1322 3348 in

254 3385 269 3408 ¹·
282 3371 528 3438 summatenus]
548 3373 572 3423 tt
583 3376 692 3439 suntqui
701 3376 750 3426 sie·
791 3373 911 3438 Augurtn
923 3389 980 3437 cap.
993 3377 1033 3423 tt.

221 3450 336 3514 gulosum
349 3448 452 3498 nomina
464 3447 619 3514 Imperatori
628 3467 749 3516 sttggere·
821 3458 832 3484 ¹
852 3449 952 3512 Cartili]
972 3449 1010 3498 De
1031 3448 1116 3512 puerit
1136 3449 1265 3498 nobilibus
1286 3449 1323 3500 lc·

222 3527 296 3586 bent,
306 3539 370 3589 quas
383 3524 495 3574 melioris
508 3526 662 3578 conditionis
674 3543 748 3593 quarn
790 3527 889 3596 quitur,
899 3526 992 3590 quibus
1010 3525 1116 3573 comites
1135 3525 1280 3588 tradagogi,
1296 3533 1323 3574 et

220 3613 310 3653 serras
329 3599 439 3664 reliquos
462 3597 550 3656 fnisse,
569 3616 601 3650 cs
622 3616 655 3654 ee
673 3604 752 3668 conji·
792 3603 869 3667 vulgo
886 3600 996 3662 librarii,
1015 3613 1080 3665 quos
1099 3599 1262 3663 ‘cupresios’
1280 3615 1323 3648 ve·

220 3679 303 3738 ciunt,
324 3674 392 3740 qnod
415 3682 531 3740 teguntur
555 3677 622 3728 trunc
644 3678 751 3746 dixerit,
791 3685 833 3728 cst
845 3679 870 3727 in
884 3678 948 3728 Ner.
963 3691 1019 3739 cap.
1031 3679 1072 3726 aa.
1085 3675 1217 3728 etinten.
1228 3675 1282 3725 Sat.
1295 3689 1324 3724 x.

220 3770 279 3808 cum
302 3752 411 3804 tunicati
434 3751 563 3804 duntaxat
585 3763 674 3806 assent
698 3757 751 3807 clii.
791 3756 893 3806 ‘Quem
903 3752 1120 3818 sequitureustns
1140 3760 1254 3814 sngnstre
1268 3766 1324 3800 ver-

219 3834 262 3884 De
272 3829 523 3882 nomenculatoribus
529 3831 752 3898 jaminAtrgnstc
791 3831 852 3880 nula
870 3831 974 3893 capsa:
1008 3829 1229 3892 capsulaqulppe
1246 3828 1323 3878 libros

220 3923 278 3968 cup.
293 3910 332 3956 tn.
792 3907 903 3960 inclusas
915 3906 1049 3970 gerebant.

252 3989 264 4014 ¹
283 3983 426 4046 Civilitatis]
442 3982 482 4031 De
502 3996 532 4032 es
552 3983 650 4034 virtute
668 3985 713 4034 lib.
733 4000 751 4038 r.
823 3983 973 4048 baama]
991 3981 1109 4043 librarii,
1122 3981 1165 4046 qui
1184 3980 1261 4032 libros
1278 3989 1324 4032 ant

216 4065 256 4130 tt.
268 4067 294 4107 et
308 4071 337 4106 rr.
346 4073 403 4122 cap.
415 4063 456 4108 at.
792 4059 842 4110 alia
853 4061 980 4126 quaepiam
994 4057 1212 4110 transcribebant.
1246 4059 1322 4110 Cice-

249 4135 444 4200 tSpecalutsrcs
473 4131 650 4204 [spiculatores]
686 4137 750 4187 Tor·
792 4139 1014 4206 raptoSyitst2·
1032 4135 1269 4188 'Describiststitn
1288 4137 1323 4188 ab
