3046 4860
534 329 566 378 u.
589 325 767 378 snunonrr
790 327 951 380 suerunt.
1203 313 1287 382 13⁰7

196 459 275 519 babet
301 469 393 520 sritusn
418 468 480 520 illud
508 471 616 522 Domitii
645 471 722 522 Atel:
762 475 876 523 notione.
909 475 1102 524 Consentaneus
1129 471 1197 522 enirn
1224 472 1288 526 nihil

197 547 350 612 ‘Princepu
362 549 406 619 qui
422 551 478 599 rull
494 551 579 599 brunia
591 551 667 612 scire,
680 565 724 601 ne·
761 551 831 600 aliud
841 557 882 600 est
890 565 965 615 quarn
978 549 1128 606 commilito,
1136 549 1208 614 quast
1219 549 1287 613 ejus·

197 623 446 674 nesselssbetrnnita
457 626 600 688 ignescere.
617 627 691 675 Idem.
761 626 820 676 dem
843 627 997 677 sacramenti
1014 626 1131 675 militaris
1150 625 1289 689 particeps,

231 698 313 762 Nepae
327 713 371 762 pro
388 701 455 749 modo
470 701 650 765 exsequebatur]
666 703 723 751 Mn-
760 705 803 754 rel
814 703 962 754 eorumdem
975 715 1102 752 sacrorum
1118 701 1288 751 eutreusiuns

197 771 257 822 sinna
270 776 386 838 appellat
401 776 444 839 jus
459 785 619 834 consuetum,
634 786 662 828 et
673 777 724 828 dis·
761 781 854 830 senisse.
871 781 946 831 idrus.

196 848 299 911 elpliuoe
313 851 429 900 militaris
444 851 571 903 instituta.
598 853 636 902 At
652 867 724 904 exse·
796 855 853 907 Tuae
875 855 960 919 nuos]
986 853 1064 906 Multi
1086 854 1158 904 uelut
1185 853 1289 918 agmine

198 923 240 987 qui
252 924 293 974 isle
305 933 356 986 est,
364 927 430 990 qnod
439 927 539 978 creon
551 927 725 993 διεξέρχεσθαι,
762 930 834 982 sueto
845 932 870 980 iu
882 931 930 980 boe
941 931 1049 980 Cereris
1063 929 1208 980 institutum
1217 937 1289 980 eunt.

181 1000 290 1068 ymbe,
301 1002 439 1053 sisdienre:
452 1004 490 1054 siu
507 1004 569 1054 alibi
581 1003 650 1069 apud
661 1007 725 1056 Sue·
763 1009 803 1056 lix
815 1007 876 1070 ipsis
887 1007 955 1056 euius
968 1005 1088 1055 Romanis
1108 1004 1125 1054 li
1143 1003 1230 1061 dures,
1244 1006 1289 1070 qni

198 1076 295 1125 tunium
307 1083 335 1126 et
347 1077 481 1128 Senecam.
508 1079 619 1131 Tacitus
633 1081 659 1130 in
672 1081 725 1132 vita
764 1081 832 1146 apud
851 1081 952 1131 Lislurn
968 1093 1009 1130 rx.
1028 1095 1087 1144 erp.
1103 1085 1145 1131 tt).
1163 1094 1223 1130 snus
1244 1081 1289 1130 do·

198 1152 343 1216 Agricola:
359 1155 368 1182 ⁴
377 1157 463 1204 urnula
480 1156 557 1218 seire,
573 1171 624 1208 nou
641 1158 727 1207 omnia
763 1165 834 1218 cent,
845 1155 974 1206 borridum
989 1155 1096 1205 suiliteru
1108 1169 1166 1204 esse
1177 1154 1290 1206 deberes

197 1229 323 1294 exsequi!
350 1231 451 1280 cosuub.
483 1232 531 1282 Ait
548 1247 611 1297 ergo
636 1240 725 1284 autor:
763 1246 813 1281 nen
835 1233 954 1282 eelssosn
975 1245 1039 1281 auro
1060 1231 1297 1296 argentoque,·sed

197 1305 451 1366 consumuntur·
468 1307 617 1357 criminibus
631 1321 725 1371 exeep-
764 1309 965 1359 ferroeteninslr
977 1305 1089 1356 fretum:
1102 1306 1290 1356 virtutemne

197 1381 242 1444 tls,
261 1380 370 1430 deserte
390 1381 519 1446 stationis,
538 1391 564 1432 et
583 1383 726 1449 seditionis,
764 1385 852 1434 militis
869 1384 964 1443 deens3
981 1391 1008 1432 et
1023 1381 1108 1432 urnula
1126 1381 1170 1431 ilia
1187 1381 1292 1431 sirtori·

197 1455 275 1506 inisse
291 1457 317 1506 iu
334 1457 464 1520 puniendo
483 1458 564 1508 milite
579 1473 626 1508 suo
648 1458 726 1508 leuin-
764 1475 805 1510 aru
816 1460 900 1524 sequi.
933 1458 985 1509 Sed
997 1464 1083 1507 tanuen
1099 1462 1127 1506 et
1141 1457 1231 1507 Cesar
1246 1457 1290 1508 ha·

198 1545 267 1582 reru:
286 1545 334 1581 uer
346 1546 449 1595 semper
460 1533 566 1582 rueritar
584 1547 672 1596 pressas
683 1547 726 1582 en·
763 1537 810 1586 bet
831 1536 924 1600 quibus
950 1533 1074 1597 eaeurplis
1099 1532 1291 1598 rationibusque

198 1609 297 1672 egisse:
315 1609 370 1672 sed,
381 1609 464 1658 serbis
482 1610 565 1658 'l'aritl
583 1609 609 1658 iu
624 1607 690 1673 Agr.
703 1625 727 1660 e.
765 1627 837 1662 suurn
849 1611 947 1660 t'aeturu
959 1615 1070 1658 tuentur.
1086 1609 1144 1660 darn
1157 1617 1210 1658 tnsu
1221 1609 1291 1658 enim

200 1687 241 1733 re.
256 1683 360 1748 ‘parvis
372 1683 475 1747 quidem
494 1683 597 1733 delietls
610 1685 725 1734 reniam:
765 1685 834 1750 apud
855 1686 953 1750 priseos
972 1690 999 1734 et
1015 1683 1145 1748 simplices
1162 1683 1229 1745 illes,
1245 1683 1292 1734 ssd

199 1757 297 1820 unguis
312 1770 373 1806 vero
388 1755 482 1822 (qualis
497 1756 548 1807 dun
566 1757 670 1821 lstbsee)
688 1773 727 1808 se·
765 1761 918 1813 fortissimos
935 1761 1071 1816 Romanus,
1082 1758 1210 1824 ‘Argenti
1223 1759 1292 1824 quod

199 1833 336 1882 veritatern
347 1832 539 1882 commodasse!
556 1834 633 1882 Besa.
766 1845 832 1894 eret,
849 1837 910 1886 solis
929 1834 1047 1899 fulgebat
1062 1835 1089 1884 in
1100 1835 1179 1884 armis
1190 1833 1206 1894 ;’
1224 1841 1293 1884 teste

233 1906 399 1969 Desertum]
417 1906 494 1971 Apud
515 1909 641 1958 Romanoa
659 1923 727 1958 mors
764 1912 885 1965 lurensi.
895 1919 974 1975 satyr.
984 1922 1025 1960 ιι.
1037 1925 1104 1960 vers.
1118 1913 1173 1960 1⁰8.
1191 1908 1293 1961 ‘Atrii-

200 1997 277 2046 prena
288 1991 329 2032 est
345 1983 388 2047 iis,
404 1981 448 2048 qui
463 1984 489 2033 lu
509 1985 576 2035 belin
593 1985 728 2036 stationem
767 1987 854 2044 sitire?
865 1989 949 2052 iuquit
960 1987 1093 2037 Plutarch.
1105 1987 1113 2016 ‘
1123 2001 1186 2051 qnas
1197 1987 1223 2036 iu
1240 1999 1306 2037 rna-·

202 2073 247 2108 seu
266 2058 360 2119 locoru,
375 2073 426 2123 qrro
443 2059 578 2110 constituti
589 2067 659 2124 snut,
671 2061 728 2110 reli·
766 2064 841 2114 nibus
860 2070 888 2112 et
902 2063 971 2112 elren
988 2075 1080 2124 eorpus
1091 2061 1188 2124 lerunt,
1199 2075 1293 2111 seuere

201 2135 314 2198 queriut.
330 2134 463 2198 Polybius.
766 2139 879 2188 nonnihil
892 2137 1000 2201 putabat
1017 2137 1105 2200 glorla
1125 2136 1218 2199 cupida
1234 2149 1294 2199 pec·

236 2209 392 2272 Coanirebul]
414 2211 481 2274 trop.
496 2210 614 2262 Tiberius
633 2210 729 2262 nuliam
766 2222 838 2280 lura:
856 2228 947 2263 avaros
966 2227 1026 2262 sero
1042 2212 1151 2261 reddere
1163 2211 1293 2276 fortiores,

202 2298 325 2348 ennoea
343 2286 481 2336 virtutibus
498 2290 550 2336 suis
569 2302 643 2353 quarn
656 2288 730 2337 dissi·
767 2289 833 2354 quod
856 2303 936 2348 arms,
955 2287 1031 2338 sicuti
1049 2289 1180 2350 pecunius,
1197 2289 1293 2338 retine·

144 2397 149 2404 -
201 2363 366 2413 titulationem
384 2365 517 2427 diligebnt.
533 2365 615 2415 Tasit.
632 2365 676 2414 lib.
692 2379 730 2415 rr.
766 2364 842 2415 rent!
865 2365 930 2412 Turn
945 2363 1006 2414 iliud
1018 2360 1120 2427 quidem
1133 2371 1233 2414 eertsrrn
1243 2371 1294 2427 est,

202 2436 384 2489 Annalell.
406 2441 495 2489 Virtus
506 2439 572 2489 adeo
584 2441 731 2490 necessaria
767 2440 853 2489 emnia
874 2439 958 2498 ruiiiti,
979 2452 1036 2501 qum
1062 2439 1202 2487 auirnusunr
1225 2453 1294 2503 enus,

202 2513 329 2578 Principi,
341 2523 369 2564 ut
385 2516 480 2566 dixerit
495 2522 631 2566 seterauns
643 2517 730 2579 lrnpe-
768 2512 1294 2576 alacrern,ereetnruquereddunt,aelrustl

203 2597 299 2649 rater,·
312 2591 578 2654 Neseitreguare,qni
591 2591 730 2641 uescitdis·
768 2594 893 2637 terrerem
905 2587 1043 2648 inentiuut,
1052 2601 1107 2635 esse
1118 2587 1292 2640 concedenda.

203 2665 340 2716 simulare?
357 2668 433 2717 Bern.
768 2662 799 2712 Iu
819 2661 911 2726 quibua
927 2661 1034 2724 priunum
1054 2659 1103 2709 sibi
1121 2661 1204 2711 iucuru
1222 2678 1294 2714 arms

240 2743 415 2806 tinguerentur]
438 2744 575 2802 Unguento
594 2743 731 2794 delibutos.
768 2736 852 2786 nitida
871 2735 1055 2800 splendidaque
1077 2735 1222 2787 vendicant.
1249 2737 1293 2789 0b

204 2817 272 2866 Saue
289 2817 410 2881 qsslcquid
431 2819 536 2867 taudem
547 2818 635 2867 Cesar
652 2819 731 2882 dieat,
768 2825 955 2877 quarneaussru
962 2811 1041 2875 jubet
1052 2809 1295 2881 Ounsandersssii·

205 2893 303 2942 'minue
323 2897 432 2942 mortem
454 2893 547 2950 timet,'
568 2893 612 2959 qui
633 2894 732 2943 ‘miuus
767 2889 1000 2949 Strategiui,srusa
1017 2884 1147 2934 exereitus
1167 2885 1192 2934 iu
1208 2888 1295 2948 spien-

205 2967 354 3018 deliciarum
373 2968 444 3018 norit
465 2967 491 3016 in
509 2967 580 3016 rita!
607 2969 732 3031 vegetius
769 2966 857 3015 dorem
874 2963 942 3013 dari:
962 2960 1082 3014 'Milites
1099 2961 1165 3010 enirn
1184 2961 1295 3026 (iuquit)

204 3043 249 3094 lib.
261 3059 280 3094 r.
292 3044 325 3094 de
336 3059 364 3094 re
374 3045 449 3094 milit.
460 3058 484 3094 e.
495 3049 519 3094 t.
536 3045 612 3093 Iden.
771 3041 841 3103 quari
860 3037 1013 3088 micantibus
1034 3049 1159 3087 armorrnu
1176 3036 1295 3087 suintillis

240 3120 427 3184 commilitones]
445 3119 498 3170 Qui
517 3127 546 3168 et
556 3120 732 3170 Commllttoae
770 3115 937 3165 terribiliores
949 3119 1089 3177 apparent:
1102 3112 1295 3176 uurltaeqneper

207 3197 378 3258 συστρατιῶται
394 3195 503 3244 Graeois.
530 3192 676 3244 Aemate
695 3203 732 3245 ta·
770 3191 858 3240 nutrius
880 3189 981 3253 aperies
1011 3187 1037 3235 iu
1060 3186 1156 3234 suimus
1181 3187 1295 3250 delapsa

205 3285 264 3319 rnen
276 3271 301 3318 irs
313 3270 361 3318 boe
371 3269 541 3319 dissentiebat
553 3270 683 3333 Angustus
696 3271 733 3318 in·
770 3276 917 3332 perterrere
935 3263 1093 3314 aduersarius
1105 3262 1205 3312 solent.’
1220 3263 1296 3313 idere.

206 3344 246 3395 ira
258 3345 359 3407 inAug.
372 3348 448 3394 eal.
474 3343 733 3409 ‘Asuuenliquoque
808 3343 950 3403 Utnrgents
969 3345 993 3387 et
1010 3352 1067 3388 urrrs
1084 3339 1297 3400 poluuursns'sor.

207 3421 338 3469 inventurn
353 3420 519 3468 vehementer
537 3421 674 3482 urguebat,
690 3422 733 3485 qul
771 3416 851 3478 inuret]
869 3414 1008 3479 Autiqnurn
1027 3413 1075 3464 boe
1086 3413 1231 3464 institutum
1245 3416 1296 3465 ilo.

207 3496 304 3544 milites
318 3494 503 3544 commilitones
514 3509 579 3545 noso
590 3495 734 3561 blandoque
771 3506 919 3542 usauosunr:
936 3489 1094 3552 Jrrveualls,⁴
1106 3488 1216 3550 nugensi
1227 3490 1296 3554 quud

207 3583 278 3618 more
296 3571 438 3632 appellans,
455 3567 516 3618 duur
533 3568 674 3620 affectabat
690 3585 734 3621 ee·
771 3574 837 3628 erut,
855 3567 917 3616 selis
937 3564 1055 3628 instruebat
1074 3565 1099 3613 iu
1117 3564 1210 3616 uernis)
1227 3565 1296 3615 Vide

207 3645 260 3696 rior
292 3642 358 3701 lieri,
390 3645 574 3694 auctoritatem
605 3645 734 3710 Principis
772 3643 843 3694 Plus.
862 3642 887 3690 iu
905 3641 994 3696 Bruto,
1013 3639 1158 3703 etJusepb.
1176 3641 1298 3692 Ἀλόπας

207 3719 385 3772 emolliverat:
409 3721 505 3771 Verum
519 3721 555 3771 sie
566 3721 688 3785 obtinuit,
704 3730 735 3772 ut
771 3719 836 3769 libro
847 3733 873 3767 v.
900 3716 964 3767 iden
976 3730 1077 3778 semper
1087 3722 1157 3766 tecta
1169 3730 1239 3766 arnna
1253 3731 1298 3781 ge·

207 3803 267 3861 post
282 3795 410 3846 Gaesarem
427 3796 602 3870 Imperatores
614 3812 645 3848 ae
655 3797 734 3848 duces
772 3793 875 3852 rebant,
899 3793 947 3841 nisi
975 3791 1057 3853 prselii
1082 3798 1215 3854 tempore:
1243 3799 1298 3842 turu

208 3872 251 3921 alii
260 3885 363 3936 quoque
371 3885 429 3920 suos
435 3871 530 3922 milltes
538 3873 734 3936 commilitones,
771 3867 906 3932 splendinio
918 3865 996 3915 sestis
1008 3864 1078 3914 indui
1088 3866 1173 3926 solita,
1184 3881 1254 3916 arrna
1265 3867 1298 3926 ad

208 3947 281 4011 quasi
303 3952 332 3994 et
349 3945 399 4008 ipsi
418 3959 450 3994 ex
469 3959 556 3996 eoruru
572 3961 677 3997 numero
694 3962 736 3998 er·
772 3943 934 4007 splendorem
953 3940 1008 3990 dari
1025 3941 1149 3990 detractis
1166 3947 1298 4005 tegumen·

208 4027 276 4081 unt,
287 4020 459 4083 appellerent.
476 4019 508 4070 In
520 4020 644 4085 Auguste
655 4021 734 4072 bisto-
773 4019 821 4068 tis:
840 4031 898 4082 quse
909 4013 966 4065 iere
977 4023 1051 4063 erant
1063 4029 1078 4062 e
1089 4015 1159 4064 corio
1171 4016 1210 4064 rel
1221 4016 1297 4078 pelle.

210 4099 256 4150 rie
276 4095 446 4158 scriptoribus
464 4097 579 4147 insenius
597 4105 624 4147 et
646 4111 735 4148 eonse-
774 4091 874 4144 emal.
890 4089 1039 4140 Alexander
1049 4089 1194 4151 liuperator
1205 4092 1298 4146 linusa-

210 4174 295 4250 nrsuei
311 4172 462 4226 venabulum
481 4179 630 4240 ruurputusu
644 4173 734 4226 eaderu
773 4184 831 4234 uus,
850 4168 888 4218 uti
906 4165 986 4216 relert
1006 4165 1177 4230 Lampridius,
1196 4180 1246 4218 nou
1257 4181 1298 4218 su·
