3094 4828
668 337 874 390 utrumne.
1251 325 1316 394 ml

226 475 366 566 mendi}
389 479 506 564 juset
529 481 740 564 triumphalia
761 488 953 548 ornaments
982 481 1151 566 perceptu
1176 499 1218 548 ee
1239 490 1320 568 poet

226 585 404 662 proetursns
433 582 606 646 confestim
636 582 720 646 inito
746 584 932 662 consulatu,
970 591 1074 667 utque
1103 581 1318 666 expeditione

226 683 381 762 repetite,
394 701 582 764 supremum
599 681 685 747 diurn
699 685 815 748 morbo
834 685 943 749 obiit⁷
957 687 991 750 in
1006 685 1136 750 testinis
1148 693 1168 722 '¹¹
1183 685 1317 760 neruis,

227 798 305 862 ques
319 799 364 878 est
378 801 420 848 eu
437 783 640 848 ‘Scelerate’
651 783 664 824 ⁸
674 793 689 822 ⁸
710 791 785 850 suut
800 786 980 870 sppellste.
1023 785 1153 869 Corpus
1167 785 1243 868 ejus
1257 803 1319 870 per

225 881 479 966 mntduipinrnm
494 885 764 968 coloniarumque
781 885 966 968 primores,⁰
979 887 1240 970 suscipientibus
1254 887 1317 950 ob·

228 980 294 1044 riis
308 983 488 1048 sunbernm
509 985 680 1062 decutitur
702 985 746 1048 nd
763 985 910 1052 Urbeml
932 987 1118 1066 deventum,
1133 987 1316 1071 sepultum·

679 1195 857 1222 coneum„

225 1338 282 1390 isset
294 1337 487 1392 teupisse-r
504 1343 572 1394 Abiit
588 1345 687 1396 illedie.
699 1351 723 1398 t.
734 1361 749 1396 s
760 1361 793 1396 ut.
805 1361 844 1410 pr.
860 1345 916 1395 isiit
934 1345 986 1396 duo
1003 1343 1079 1394 'l'urn
1095 1343 1161 1394 lire·
1176 1359 1233 1394 eust
1248 1341 1316 1395 lidd.

227 1405 305 1454 llum.
323 1407 390 1468 quud
403 1409 746 1520 gernempeudnerlpturs·
758 1424 805 1474 pro
822 1411 916 1460 interiit
929 1409 1030 1475 judlest
1042 1410 1181 1459 llum-8
1197 1409 1317 1458 Seelerm

227 1468 335 1520 Meneni.
361 1469 391 1520 ln
422 1471 480 1522 nob.
492 1473 577 1524 Pulm.
595 1475 694 1526 Medio.
706 1475 944 1540 blind-utruque,
957 1474 1042 1524 l’eris.
1060 1473 1176 1524 llerlern.
1188 1472 1255 1522 Edd.
1265 1473 1317 1522 Be-

719 1635 825 1686 Nom

259 1741 266 1778 ¹
285 1744 392 1810 Ostendi]
410 1747 452 1796 De
471 1749 591 1799 untione
609 1747 636 1800 in
647 1749 752 1800 ’liberio
820 1745 1110 1810 tileriierseedreerr's'e]
1133 1745 1231 1796 llurusu
1243 1751 1316 1796 tents

227 1817 260 1868 ed
271 1833 329 1882 esp.
338 1825 362 1869 l·
394 1821 438 1871 De
447 1826 602 1874 oruemeutie
611 1825 748 1889 triumphe·
787 1825 926 1874 suultltudu
938 1825 1024 1873 llum:
1036 1821 1096 1882 felt,
1110 1829 1137 1870 ut
1148 1820 1265 1884 equituus
1277 1821 1316 1869 lu·

226 1893 294 1944 ΜΝ
305 1893 368 1958 Ᾱῑῦ·
379 1897 411 1947 *d
421 1911 478 1962 ΜΡ.
491 1903 531 1950 88.
542 1907 570 1950 et
579 1899 638 1950 tib.
651 1915 710 1964 esp.
726 1903 751 1950 0.
788 1907 843 1950 ster
861 1899 1072 1949 describerentur
1090 1897 1116 1946 in
1135 1895 1264 1958 dundee,
1274 1909 1317 1946 or·

227 1973 278 2017 &fl
788 1975 925 2038 diuemqne
936 1974 1050 2040 equestri
1067 1971 1211 2036 proximum
1223 1971 1318 2022 ronstl·

260 2051 278 2078 ¹
294 2043 408 2110 AEstiuis]
424 2049 517 2098 cestre
534 2058 603 2106 eunt,
618 2049 644 2100 in
660 2051 750 2116 quibus
788 2055 907 2100 tuerentt
924 2049 991 2114 quod
1003 2049 1162 2111 persusserit
1172 2045 1316 2111 emplitude

227 2117 323 2171 milites
334 2135 381 2185 per
392 2123 488 2172 estetis
506 2123 622 2175 erdurem
635 2127 751 2176 euntiue·
788 2125 945 2190 lleipubliess
966 2125 1096 2184 lienteum,
1110 2131 1137 2172 et
1153 2121 1260 2186 proinde
1272 2135 1316 2171 ne·

228 2196 331 2248 bsntnr.
365 2199 750 2266 AEstirequuqnedieuuturlu·
788 2201 915 2266 potiorum
928 2201 1013 2264 euple.
1041 2197 1317 2263 ilipublieisretloui·

227 2287 269 2332 ee,
277 2273 302 2322 iu
312 2273 403 2338 qulbus
413 2288 504 2339 greges
511 2283 601 2326 netum
611 2276 662 2326 diei
672 2284 753 2327 treus·
790 2277 836 2326 bue
849 2274 1026 2325 esserlbeudle
1045 2271 1241 2336 lneuurbebeut,
1252 2285 1316 2336 quo·

226 2348 343 2412 labent.
371 2351 544 2412 Virgilinsnt.
553 2353 675 2418 Geersste.
687 2355 752 2404 ‘use
790 2363 844 2398 rum
856 2349 970 2399 ordinent
980 2347 1095 2412 quemuis
1110 2347 1244 2398 bussetum
1255 2345 1313 2396 dlu-

227 2423 326 2486 eiegule
334 2425 415 2475 uerbi
424 2427 698 2492 Corporeeorripinnt,
708 2429 752 2478 sed
790 2427 838 2474 erit
850 2425 942 2476 cleers
953 2424 1062 2474 Verrius
1073 2424 1172 2487 quinte,
1184 2435 1215 2470 ee
1229 2431 1317 2472 teusett

227 2501 519 2563 uteneetempsme:
531 2503 580 2552 &n
611 2503 752 2553 llneliru·
790 2501 859 2563 epod
880 2501 1005 2550 ttouuuos
1023 2497 1170 2560 dipuetioue
1189 2509 1239 2546 nun
1257 2493 1316 2562 fuit,

227 2575 248 2624 ei
260 2575 432 2626 eutissioter
447 2574 538 2626 fluuios
553 2578 637 2628 estem
649 2579 754 2628 etllbe·
789 2588 840 2636 que
852 2573 920 2636 spud
933 2573 1057 2634 (ἥκοις
1079 2573 1104 2620 bi
1125 2573 1191 2621 enlm
1209 2571 1241 2620 ed
1254 2571 1317 2620 illud

228 2663 288 2702 nutu
300 2648 753 2711 inisse,snutureetStrebolibvn.
790 2647 902 2698 officium
922 2647 1049 2696 neminem
1067 2645 1249 2706 edmittebent,
1269 2645 1318 2696 uisi

260 2733 273 2758 ¹
284 2725 415 2788 θαίσιιι]
432 2727 562 2776 bisetium
573 2735 753 2790 uunenpsrunt
789 2731 818 2774 et
833 2721 884 2772 dds
901 2723 1014 2786 ensuite.
1033 2729 1061 2770 et
1075 2723 1181 2772 bonesto
1200 2723 1257 2772 isos
1272 2735 1318 2772 oe·

228 2799 279 2848 elie
291 2801 356 2862 lues,
365 2801 463 2850 seelere
476 2803 515 2852 rel
535 2802 681 2852 selenitete
691 2816 753 2868 que·
790 2808 854 2858 tum,
865 2811 1009 2862 querquetu
1021 2796 1053 2846 de
1065 2811 1153 2860 ugnus
1171 2797 1316 2860 presertim

228 2874 457 2940 semisupinus
471 2877 542 2926 siens
557 2877 601 2927 lile
614 2879 752 2942 llumsuue,
788 2875 881 2926 eeribis
893 2872 1054 2936 intelligendi
1070 2881 1140 2932 suunt,
1156 2886 1219 2936 ques
1233 2873 1319 2921 eonsi-

228 2951 254 2999 in
270 2967 321 3014 qun
338 2951 425 3001 'sullis
450 2961 600 3016 serpentum
618 2969 691 3002 suunt
711 2955 752 3012 eei
789 2953 879 3002 tiorum
892 2948 1033 3014 pertieipes
1049 2949 1161 2998 omniurn
1172 2962 1229 2998 esse
1240 2963 1316 3011 opor·

223 3025 303 3090 jussit
312 3027 752 3090 pereedererpstrieSeruii'l'ullii‚
790 3035 868 3083 teret.
881 3034 909 3076 ut
921 3033 1030 3076 testetur
1044 3025 1177 3074 Cornelium
1189 3025 1278 3088 Nepos
1289 3024 1318 3076 in

226 3101 375 3150 fleetuntur
386 3100 471 3152 dietus
483 3111 531 3152 eet.
547 3103 590 3153 Sic
601 3113 628 3152 et
637 3118 753 3168 tempus,
790 3103 920 3161 &messer
935 3113 993 3150 rure
1006 3113 1020 3148 e
1031 3109 1123 3149 euntrs
1139 3099 1207 3163 npud
1226 3101 1318 3150 ilume-

227 3175 650 3240 tuquovnutessetodtebeuur,
659 3187 686 3228 et
696 3193 753 3243 pur·
789 3175 1317 3242 noequsndoqueeslibertorumunmero‚

228 3259 267 3306 ts.
278 3267 330 3316 que
345 3251 456 3316 preteeti
472 3262 531 3304 suut
542 3259 600 3306 tuti.
615 3255 652 3304 illl
670 3253 752 3318 subit,
790 3261 820 3304 ut
833 3259 905 3316 petet
916 3265 949 3300 ex
963 3249 1072 3300 lloretlo
1085 3251 1127 3300 lib.
1140 3263 1158 3300 t.
1169 3251 1225 3300 Set.
1235 3255 1261 3300 t.
1276 3263 1317 3299 rs.

228 3339 294 3390 qnos
304 3326 335 3375 sd
346 3329 494 3378 cremorem
501 3343 551 3379 nno
561 3330 602 3380 die
611 3343 692 3380 cesus
701 3345 754 3380 ese·
789 3333 829 3382 ild.
841 3336 869 3379 et
881 3326 1058 3379 Questoribns
1069 3326 1176 3396 ullisque
1186 3327 1319 3387 megistre·

228 3401 414 3450 memtllries.
432 3403 552 3468 Epirotes
560 3405 665 3455 liniens
673 3405 754 3454 Drnsl
791 3407 859 3455 tibus
869 3409 1036 3470 appeterent,
1053 3414 1193 3465 eorumque
1205 3400 1317 3450 rationes

229 3481 338 3526 mortein
350 3479 428 3541 μιΙο
441 3480 517 3528 sliter
532 3487 619 3530 uemt
637 3479 681 3530 lib.
694 3491 755 3530 cst.
792 3495 822 3532 se
833 3486 996 3529 monuments
1007 3475 1195 3526 describerent.

227 3553 343 3602 'llelluse
355 3553 478 3603 edserses
486 3555 670 3606 Gesneuurum
682 3565 755 3606 tres
822 3557 896 3606 tAd
922 3551 1020 3615 neue]
1055 3551 1135 3602 Notet
1155 3551 1319 3602 ὓιιιιιΙιοιιιι

230 3632 343 3680 Mem
354 3633 595 3684 elritsteeeDrneu
605 3643 704 3698 putum
715 3647 755 3684 re·
792 3633 1001 3696 propositionem
1023 3628 1091 3678 'ed'
1113 3629 1177 3678 enuti
1202 3629 1244 3678 bie
1271 3643 1320 3694 pru

229 3707 328 3758 turture
348 3709 405 3773 lpse
416 3723 449 3758 ex
466 3709 581 3760 irsetnrs
599 3725 666 3774 equo
678 3723 756 3774 super
792 3711 838 3758 ‘iu
848 3709 864 3768 ς’
879 3708 1008 3758 nonenim
1020 3705 1096 3755 mede
1108 3705 1139 3754 sd
1157 3705 1255 3766 urbem,
1272 3705 1318 3754 sed

228 3785 753 3852 rmsejueeoiiepemtripeeimudiequern
792 3791 821 3834 et
840 3783 896 3832 urbi
914 3783 1012 3832 illerum
1030 3780 1140 3842 colligit,
1151 3795 1184 3828 ex
1203 3779 1319 3844 eoquod

228 3859 406 3922 identidem,
415 3869 529 3911 mortuns
540 3861 600 3912 est!
622 3851 642 3888 '⁸
792 3859 912 3910 Tiberius
934 3857 1068 3906 funebrem
1096 3856 1151 3918 ejus
1176 3855 1320 3906 oretiouere

259 3943 272 3970 ⁸
288 3935 421 3998 Peterem]
438 3935 492 3986 llos
503 3937 656 3987 decuriones
664 3938 753 4001 eppei·
792 3951 841 4000 pro
860 3935 959 3985 ilustris
977 3935 1008 3982 de
1027 3947 1096 3982 more
1116 3931 1258 3994 peregerit,
1268 3936 1318 3984 tre.

227 4011 517 4075 lueindupeepdttl.
549 4015 588 4062 lle
605 4013 751 4062 rolouiieiu
791 4011 965 4073 (lususigitur
984 4007 1016 4056 ed
1033 4006 1134 4056 modum
1149 4007 1253 4071 Equites
1267 4007 1320 4058 llo·

229 4087 343 4138 Juliued
357 4091 450 4151 repe.
484 4091 525 4138 De
537 4089 679 4152 municipiis
690 4089 752 4140 ibid.
792 4081 1320 4148 meets-gustteurpusnunugusroeep.

229 4162 262 4212 sd
274 4177 332 4227 esp.
346 4165 384 4212 ts.
396 4164 516 4213 nonnulle
527 4173 617 4214 uotets
627 4173 693 4214 eunt.
794 4167 850 4214 tuo.
862 4162 899 4212 ite
907 4167 937 4210 et
948 4157 1038 4210 eeribn
1057 4159 1132 4208 Drusi
1144 4173 1237 4223 eorpus
1249 4173 1263 4208 ι
1273 4158 1319 4208 ds·
