<?xml version="1.0" encoding="UTF-8"?>
<!DOCTYPE html PUBLIC "-//W3C//DTD XHTML 1.0 Transitional//EN"
    "http://www.w3.org/TR/xhtml1/DTD/xhtml1-transitional.dtd">
<html xmlns="http://www.w3.org/1999/xhtml" xml:lang="en" lang="en">
 <head>
  <title>
</title>
<meta http-equiv="Content-Type" content="text/html;charset=utf-8" />
  <meta name='ocr-system' content='tesseract 3.04.00' />
  <meta name='ocr-capabilities' content='ocr_page ocr_carea ocr_par ocr_line ocrx_word'/>
</head>
<body>
  <div class='ocr_page' id='page_1' title='image "./operaomniaexedi01suetgoog_0089.png"; bbox 0 0 3114 4828; ppageno 0'>
   <div class='ocr_carea' id='block_1_1' title="bbox 696 343 1340 408">
    <p class='ocr_par' dir='ltr' id='par_1_1' title="bbox 696 343 1340 408">
     <span class='ocr_line' id='line_1_1' title="bbox 696 343 1340 408; baseline 0.009 -8"><span class='ocrx_word' id='word_1_1' title='bbox 696 353 898 402; x_wconf 80' lang='lat' dir='ltr'><strong>onsruuos.</strong></span> <span class='ocrx_word' id='word_1_2' title='bbox 1276 343 1340 408; x_wconf 69' lang='lat'><strong>709</strong></span> 
     </span>
    </p>
   </div>
   <div class='ocr_carea' id='block_1_2' title="bbox 247 491 1389 1595">
    <p class='ocr_par' dir='ltr' id='par_1_2' title="bbox 247 491 1389 1595">
     <span class='ocr_line' id='line_1_2' title="bbox 249 491 1339 584; baseline 0.007 -27"><span class='ocrx_word' id='word_1_3' title='bbox 249 495 414 558; x_wconf 88' lang='lat' dir='ltr'><strong>delatores</strong></span> <span class='ocrx_word' id='word_1_4' title='bbox 427 491 433 529; x_wconf 90' lang='lat'><strong>¹</strong></span> <span class='ocrx_word' id='word_1_5' title='bbox 449 494 624 560; x_wconf 87' lang='lat' dir='ltr'><strong>multorum</strong></span> <span class='ocrx_word' id='word_1_6' title='bbox 636 495 808 560; x_wconf 87' lang='lat' dir='ltr'><strong>criminum</strong></span> <span class='ocrx_word' id='word_1_7' title='bbox 817 503 838 530; x_wconf 79' lang='lat'><strong>¹²</strong></span> <span class='ocrx_word' id='word_1_8' title='bbox 853 497 1041 578; x_wconf 79' lang='lat' dir='ltr'><strong>arguebant.</strong></span> <span class='ocrx_word' id='word_1_9' title='bbox 1065 497 1108 562; x_wconf 87' lang='lat' dir='ltr'><strong>Et</strong></span> <span class='ocrx_word' id='word_1_10' title='bbox 1123 517 1249 564; x_wconf 86' lang='lat' dir='ltr'><strong>veneno</strong></span> <span class='ocrx_word' id='word_1_11' title='bbox 1265 501 1339 584; x_wconf 86' lang='lat' dir='ltr'><strong>qni·</strong></span> 
     </span>
     <span class='ocr_line' id='line_1_3' title="bbox 251 595 1339 685; baseline 0.007 -27"><span class='ocrx_word' id='word_1_12' title='bbox 251 595 327 659; x_wconf 88' lang='lat' dir='ltr'><strong>dem</strong></span> <span class='ocrx_word' id='word_1_13' title='bbox 353 597 502 660; x_wconf 88' lang='lat' dir='ltr'><strong>occisum</strong></span> <span class='ocrx_word' id='word_1_14' title='bbox 532 597 710 660; x_wconf 83' lang='lat' dir='ltr'><strong>convenit:</strong></span> <span class='ocrx_word' id='word_1_15' title='bbox 733 597 816 662; x_wconf 66' lang='lat' dir='ltr'><strong>ubi*</strong></span> <span class='ocrx_word' id='word_1_16' title='bbox 845 603 1026 675; x_wconf 71' lang='lat' dir='ltr'><strong>autumet</strong></span> <span class='ocrx_word' id='word_1_17' title='bbox 1049 619 1110 683; x_wconf 88' lang='lat' dir='ltr'><strong>per</strong></span> <span class='ocrx_word' id='word_1_18' title='bbox 1130 619 1230 685; x_wconf 85' lang='lat' dir='ltr'><strong>quem</strong></span> <span class='ocrx_word' id='word_1_19' title='bbox 1249 601 1339 678; x_wconf 88' lang='lat' dir='ltr'><strong>dato,</strong></span> 
     </span>
     <span class='ocr_line' id='line_1_4' title="bbox 250 697 1339 782; baseline 0.005 -21"><span class='ocrx_word' id='word_1_20' title='bbox 250 698 428 781; x_wconf 82' lang='lat' dir='ltr'><strong>discrepat</strong></span> <span class='ocrx_word' id='word_1_21' title='bbox 473 697 621 777; x_wconf 85' lang='lat' dir='ltr'><strong>Quidam</strong></span> <span class='ocrx_word' id='word_1_22' title='bbox 634 699 775 774; x_wconf 74' lang='lat' dir='ltr'><strong>uadunt,</strong></span> <span class='ocrx_word' id='word_1_23' title='bbox 791 698 940 782; x_wconf 74' lang='lat' dir='ltr'><strong>epulanti</strong></span> <span class='ocrx_word' id='word_1_24' title='bbox 956 701 988 764; x_wconf 91' lang='lat' dir='ltr'><strong>iu</strong></span> <span class='ocrx_word' id='word_1_25' title='bbox 1002 719 1080 766; x_wconf 89' lang='lat' dir='ltr'><strong>arce</strong></span> <span class='ocrx_word' id='word_1_26' title='bbox 1097 721 1170 766; x_wconf 85' lang='lat' dir='ltr'><strong>curn</strong></span> <span class='ocrx_word' id='word_1_27' title='bbox 1184 703 1339 768; x_wconf 86' lang='lat' dir='ltr'><strong>sacerdo·</strong></span> 
     </span>
     <span class='ocr_line' id='line_1_5' title="bbox 251 800 1338 883; baseline 0.004 -20"><span class='ocrx_word' id='word_1_28' title='bbox 251 800 624 882; x_wconf 83' lang='lat' dir='ltr'><strong>tibns‚perl1alotum⁰</strong></span> <span class='ocrx_word' id='word_1_29' title='bbox 645 800 825 882; x_wconf 76' lang='lat' dir='ltr'><strong>spadonem</strong></span> <span class='ocrx_word' id='word_1_30' title='bbox 850 807 1115 883; x_wconf 73' lang='lat' dir='ltr'><strong>praegustatorem</strong></span> <span class='ocrx_word' id='word_1_31' title='bbox 1129 811 1161 877; x_wconf 70' lang='grc' dir='ltr'><strong>;ρ</strong></span> <span class='ocrx_word' id='word_1_32' title='bbox 1187 804 1257 878; x_wconf 88' lang='lat' dir='ltr'><strong>alii,</strong></span> <span class='ocrx_word' id='word_1_33' title='bbox 1278 803 1338 868; x_wconf 94' lang='lat' dir='ltr'><strong>do·</strong></span> 
     </span>
     <span class='ocr_line' id='line_1_6' title="bbox 249 902 1338 986; baseline 0.004 -22"><span class='ocrx_word' id='word_1_34' title='bbox 249 903 390 966; x_wconf 85' lang='lat' dir='ltr'><strong>meetico</strong></span> <span class='ocrx_word' id='word_1_35' title='bbox 416 902 579 979; x_wconf 72' lang='lat' dir='ltr'><strong>consido,</strong></span> <span class='ocrx_word' id='word_1_36' title='bbox 609 920 667 984; x_wconf 85' lang='lat' dir='ltr'><strong>pet</strong></span> <span class='ocrx_word' id='word_1_37' title='bbox 689 902 798 986; x_wconf 80' lang='lat' dir='ltr'><strong>ipsam</strong></span> <span class='ocrx_word' id='word_1_38' title='bbox 828 902 1056 986; x_wconf 79' lang='lat' dir='ltr'><strong>Agrippinam,</strong></span> <span class='ocrx_word' id='word_1_39' title='bbox 1085 923 1161 986; x_wconf 79' lang='lat' dir='ltr'><strong>qum</strong></span> <span class='ocrx_word' id='word_1_40' title='bbox 1189 903 1338 968; x_wconf 86' lang='lat' dir='ltr'><strong>boletum</strong></span> 
     </span>
     <span class='ocr_line' id='line_1_7' title="bbox 249 1002 1339 1070; baseline 0.004 -4"><span class='ocrx_word' id='word_1_41' title='bbox 249 1003 474 1070; x_wconf 75' lang='lat' dir='ltr'><strong>medicatumq</strong></span> <span class='ocrx_word' id='word_1_42' title='bbox 495 1003 690 1069; x_wconf 82' lang='lat' dir='ltr'><strong>avidissimo</strong></span> <span class='ocrx_word' id='word_1_43' title='bbox 705 1004 855 1069; x_wconf 90' lang='lat' dir='ltr'><strong>ciborum</strong></span> <span class='ocrx_word' id='word_1_44' title='bbox 876 1003 991 1068; x_wconf 87' lang='lat' dir='ltr'><strong>talium</strong></span> <span class='ocrx_word' id='word_1_45' title='bbox 1005 1002 1181 1068; x_wconf 88' lang='lat' dir='ltr'><strong>obtulerat.</strong></span> <span class='ocrx_word' id='word_1_46' title='bbox 1225 1003 1339 1070; x_wconf 84' lang='lat' dir='ltr'><strong>Etiam</strong></span> 
     </span>
     <span class='ocr_line' id='line_1_8' title="bbox 251 1103 1338 1188; baseline 0 -18"><span class='ocrx_word' id='word_1_47' title='bbox 251 1104 294 1170; x_wconf 86' lang='lat' dir='ltr'><strong>de</strong></span> <span class='ocrx_word' id='word_1_48' title='bbox 305 1105 585 1188; x_wconf 86' lang='lat' dir='ltr'><strong>subsequentibus</strong></span> <span class='ocrx_word' id='word_1_49' title='bbox 598 1103 729 1168; x_wconf 81' lang='lat' dir='ltr'><strong>diversa</strong></span> <span class='ocrx_word' id='word_1_50' title='bbox 743 1103 834 1170; x_wconf 85' lang='lat' dir='ltr'><strong>lama</strong></span> <span class='ocrx_word' id='word_1_51' title='bbox 847 1112 910 1170; x_wconf 87' lang='lat' dir='ltr'><strong>est.</strong></span> <span class='ocrx_word' id='word_1_52' title='bbox 953 1105 1056 1170; x_wconf 85' lang='lat' dir='ltr'><strong>lllnlti</strong></span> <span class='ocrx_word' id='word_1_53' title='bbox 1071 1107 1193 1183; x_wconf 90' lang='lat' dir='ltr'><strong>statim,</strong></span> <span class='ocrx_word' id='word_1_54' title='bbox 1213 1105 1338 1170; x_wconf 87' lang='lat' dir='ltr'><strong>bansto</strong></span> 
     </span>
     <span class='ocr_line' id='line_1_9' title="bbox 250 1205 1338 1290; baseline 0.002 -20"><span class='ocrx_word' id='word_1_55' title='bbox 250 1224 389 1284; x_wconf 81' lang='lat' dir='ltr'><strong>veneno,</strong></span> <span class='ocrx_word' id='word_1_56' title='bbox 403 1207 609 1271; x_wconf 72' lang='lat' dir='ltr'><strong>obmutuisse</strong></span> <span class='ocrx_word' id='word_1_57' title='bbox 624 1205 730 1284; x_wconf 85' lang='lat' dir='ltr'><strong>aiunt,</strong></span> <span class='ocrx_word' id='word_1_58' title='bbox 745 1207 1038 1290; x_wconf 77' lang='lat' dir='ltr'><strong>excruciatumque</strong></span> <span class='ocrx_word' id='word_1_59' title='bbox 1052 1205 1224 1271; x_wconf 87' lang='lat' dir='ltr'><strong>doloribus</strong></span> <span class='ocrx_word' id='word_1_60' title='bbox 1240 1215 1338 1272; x_wconf 88' lang='lat' dir='ltr'><strong>nocte</strong></span> 
     </span>
     <span class='ocr_line' id='line_1_10' title="bbox 249 1307 1339 1392; baseline 0 -20"><span class='ocrx_word' id='word_1_61' title='bbox 249 1313 331 1387; x_wconf 88' lang='lat' dir='ltr'><strong>tota,</strong></span> <span class='ocrx_word' id='word_1_62' title='bbox 346 1308 509 1374; x_wconf 80' lang='lat' dir='ltr'><strong>deiecisse</strong></span> <span class='ocrx_word' id='word_1_63' title='bbox 522 1327 629 1392; x_wconf 85' lang='lat' dir='ltr'><strong>prope</strong></span> <span class='ocrx_word' id='word_1_64' title='bbox 644 1307 765 1372; x_wconf 86' lang='lat' dir='ltr'><strong>luceru.</strong></span> <span class='ocrx_word' id='word_1_65' title='bbox 810 1307 973 1372; x_wconf 86' lang='lat' dir='ltr'><strong>Nonnulli</strong></span> <span class='ocrx_word' id='word_1_66' title='bbox 995 1308 1081 1371; x_wconf 90' lang='lat' dir='ltr'><strong>iuter</strong></span> <span class='ocrx_word' id='word_1_67' title='bbox 1105 1307 1198 1372; x_wconf 86' lang='lat' dir='ltr'><strong>initia</strong></span> <span class='ocrx_word' id='word_1_68' title='bbox 1217 1327 1339 1372; x_wconf 86' lang='lat' dir='ltr'><strong>conso·</strong></span> 
     </span>
     <span class='ocr_line' id='line_1_11' title="bbox 249 1409 1389 1500; baseline -0.003 -26"><span class='ocrx_word' id='word_1_69' title='bbox 249 1409 368 1492; x_wconf 86' lang='lat' dir='ltr'><strong>pitum,</strong></span> <span class='ocrx_word' id='word_1_70' title='bbox 383 1410 505 1476; x_wconf 89' lang='lat' dir='ltr'><strong>deiude</strong></span> <span class='ocrx_word' id='word_1_71' title='bbox 516 1412 596 1476; x_wconf 89' lang='lat' dir='ltr'><strong>cibo</strong></span> <span class='ocrx_word' id='word_1_72' title='bbox 612 1409 789 1474; x_wconf 82' lang='lat' dir='ltr'><strong>affluente⁵</strong></span> <span class='ocrx_word' id='word_1_73' title='bbox 812 1409 998 1475; x_wconf 81' lang='lat' dir='ltr'><strong>evomuisse</strong></span> <span class='ocrx_word' id='word_1_74' title='bbox 1012 1409 1133 1487; x_wconf 89' lang='lat' dir='ltr'><strong>omnia,</strong></span> <span class='ocrx_word' id='word_1_75' title='bbox 1150 1410 1340 1492; x_wconf 88' lang='lat' dir='ltr'><strong>repetitum·</strong></span> <span class='ocrx_word' id='word_1_76' title='bbox 1383 1487 1389 1500; x_wconf 25' lang='grc' dir='ltr'><strong><em>υ</em></strong></span> 
     </span>
     <span class='ocr_line' id='line_1_12' title="bbox 247 1510 1339 1595; baseline -0.001 -20"><span class='ocrx_word' id='word_1_77' title='bbox 247 1530 312 1594; x_wconf 87' lang='lat' dir='ltr'><strong>que</strong></span> <span class='ocrx_word' id='word_1_78' title='bbox 324 1513 462 1590; x_wconf 74' lang='lat' dir='ltr'><strong>tostico,¹</strong></span> <span class='ocrx_word' id='word_1_79' title='bbox 473 1511 642 1589; x_wconf 87' lang='lat' dir='ltr'><strong>incertum,</strong></span> <span class='ocrx_word' id='word_1_80' title='bbox 657 1511 783 1595; x_wconf 85' lang='lat' dir='ltr'><strong>pultine</strong></span> <span class='ocrx_word' id='word_1_81' title='bbox 796 1510 924 1588; x_wconf 88' lang='lat' dir='ltr'><strong>addito,</strong></span> <span class='ocrx_word' id='word_1_82' title='bbox 941 1528 1017 1575; x_wconf 88' lang='lat' dir='ltr'><strong>cum</strong></span> <span class='ocrx_word' id='word_1_83' title='bbox 1034 1511 1124 1574; x_wconf 85' lang='lat' dir='ltr'><strong>velot</strong></span> <span class='ocrx_word' id='word_1_84' title='bbox 1136 1510 1339 1576; x_wconf 86' lang='lat' dir='ltr'><strong>exhaustum</strong></span> 
     </span>
    </p>
   </div>
   <div class='ocr_carea' id='block_1_3' title="bbox 706 1703 885 1728">
    <p class='ocr_par' dir='ltr' id='par_1_3' title="bbox 706 1703 885 1728">
     <span class='ocr_line' id='line_1_13' title="bbox 706 1703 885 1728; baseline -0.006 -1"><span class='ocrx_word' id='word_1_85' title='bbox 706 1703 885 1728; x_wconf 72' lang='lat' dir='ltr'><strong>nonomen</strong></span> 
     </span>
    </p>
   </div>
   <div class='ocr_carea' id='block_1_4' title="bbox 249 1819 1342 2146">
    <p class='ocr_par' dir='ltr' id='par_1_4' title="bbox 249 1819 1342 2146">
     <span class='ocr_line' id='line_1_14' title="bbox 250 1819 1339 1874; baseline -0.003 -1"><span class='ocrx_word' id='word_1_86' title='bbox 250 1821 318 1873; x_wconf 81' lang='lat' dir='ltr'><strong>Edd.</strong></span> <span class='ocrx_word' id='word_1_87' title='bbox 330 1823 535 1874; x_wconf 70' lang='lat' dir='ltr'><strong>nemeaeum.</strong></span> <span class='ocrx_word' id='word_1_88' title='bbox 566 1823 599 1872; x_wconf 89' lang='lat' dir='ltr'><strong>ln</strong></span> <span class='ocrx_word' id='word_1_89' title='bbox 613 1821 832 1874; x_wconf 64' lang='lat' dir='ltr'><strong>altimontem</strong></span> <span class='ocrx_word' id='word_1_90' title='bbox 848 1821 971 1872; x_wconf 75' lang='lat' dir='ltr'><strong>maasiam·</strong></span> <span class='ocrx_word' id='word_1_91' title='bbox 986 1821 1064 1870; x_wconf 76' lang='lat' dir='ltr'><strong>Four.</strong></span> <span class='ocrx_word' id='word_1_92' title='bbox 1077 1821 1178 1870; x_wconf 72' lang='grc' dir='ltr'><strong>ιοιιισιιι.</strong></span> <span class='ocrx_word' id='word_1_93' title='bbox 1194 1819 1260 1869; x_wconf 82' lang='lat' dir='ltr'><strong>Edd.</strong></span> <span class='ocrx_word' id='word_1_94' title='bbox 1277 1821 1339 1870; x_wconf 82' lang='lat' dir='ltr'><strong>Fro-</strong></span> 
     </span>
     <span class='ocr_line' id='line_1_15' title="bbox 249 1885 1340 1952; baseline -0.005 -14"><span class='ocrx_word' id='word_1_95' title='bbox 249 1887 310 1938; x_wconf 85' lang='lat' dir='ltr'><strong>ben.</strong></span> <span class='ocrx_word' id='word_1_96' title='bbox 327 1888 402 1938; x_wconf 85' lang='lat' dir='ltr'><strong>Torr.</strong></span> <span class='ocrx_word' id='word_1_97' title='bbox 424 1889 519 1948; x_wconf 76' lang='lat' dir='ltr'><strong>marcii,</strong></span> <span class='ocrx_word' id='word_1_98' title='bbox 538 1888 605 1952; x_wconf 83' lang='lat' dir='ltr'><strong>qnod</strong></span> <span class='ocrx_word' id='word_1_99' title='bbox 625 1889 711 1951; x_wconf 87' lang='lat' dir='ltr'><strong>placet</strong></span> <span class='ocrx_word' id='word_1_100' title='bbox 729 1888 818 1937; x_wconf 83' lang='lat' dir='ltr'><strong>Bursa.</strong></span> <span class='ocrx_word' id='word_1_101' title='bbox 858 1887 957 1937; x_wconf 80' lang='lat' dir='ltr'><strong>Postea</strong></span> <span class='ocrx_word' id='word_1_102' title='bbox 975 1887 1031 1934; x_wconf 82' lang='lat' dir='ltr'><strong>date</strong></span> <span class='ocrx_word' id='word_1_103' title='bbox 1050 1885 1171 1933; x_wconf 77' lang='lat' dir='ltr'><strong>exulata</strong></span> <span class='ocrx_word' id='word_1_104' title='bbox 1189 1885 1265 1934; x_wconf 77' lang='lat' dir='ltr'><strong>vind.</strong></span> <span class='ocrx_word' id='word_1_105' title='bbox 1284 1889 1340 1932; x_wconf 85' lang='lat' dir='ltr'><strong>l.-</strong></span> 
     </span>
     <span class='ocr_line' id='line_1_16' title="bbox 249 1947 1339 2017; baseline -0.002 -16"><span class='ocrx_word' id='word_1_106' title='bbox 249 1951 391 2016; x_wconf 69' lang='lat' dir='ltr'><strong>bdflaeate</strong></span> <span class='ocrx_word' id='word_1_107' title='bbox 409 1953 515 2001; x_wconf 78' lang='lat' dir='ltr'><strong>Momm.</strong></span> <span class='ocrx_word' id='word_1_108' title='bbox 536 1952 662 2017; x_wconf 86' lang='lat' dir='ltr'><strong>probante</strong></span> <span class='ocrx_word' id='word_1_109' title='bbox 679 1951 767 2001; x_wconf 75' lang='lat' dir='ltr'><strong>Oros.</strong></span> <span class='ocrx_word' id='word_1_110' title='bbox 786 1951 825 2001; x_wconf 85' lang='lat' dir='ltr'><strong>rel</strong></span> <span class='ocrx_word' id='word_1_111' title='bbox 843 1951 946 2013; x_wconf 64' lang='lat' dir='ltr'><strong>legente</strong></span> <span class='ocrx_word' id='word_1_112' title='bbox 962 1949 1070 2014; x_wconf 60' lang='lat' dir='ltr'><strong>educate.</strong></span> <span class='ocrx_word' id='word_1_113' title='bbox 1088 1947 1165 1998; x_wconf 88' lang='lat' dir='ltr'><strong>Vind.</strong></span> <span class='ocrx_word' id='word_1_114' title='bbox 1183 1951 1205 1996; x_wconf 87' lang='lat' dir='ltr'><strong>i.</strong></span> <span class='ocrx_word' id='word_1_115' title='bbox 1222 1949 1339 1999; x_wconf 74' lang='grc' dir='ltr'><strong>εωιιίιιε.</strong></span> 
     </span>
     <span class='ocr_line' id='line_1_17' title="bbox 251 2011 1342 2080; baseline -0.005 -15"><span class='ocrx_word' id='word_1_116' title='bbox 251 2015 333 2066; x_wconf 83' lang='grc' dir='ltr'><strong>ΡιιιΙο</strong></span> <span class='ocrx_word' id='word_1_117' title='bbox 341 2025 402 2066; x_wconf 88' lang='lat' dir='ltr'><strong>ante</strong></span> <span class='ocrx_word' id='word_1_118' title='bbox 414 2018 440 2066; x_wconf 88' lang='lat' dir='ltr'><strong>ia</strong></span> <span class='ocrx_word' id='word_1_119' title='bbox 450 2015 500 2066; x_wconf 75' lang='lat' dir='ltr'><strong>cido</strong></span> <span class='ocrx_word' id='word_1_120' title='bbox 511 2015 599 2078; x_wconf 83' lang='lat' dir='ltr'><strong>Camp.</strong></span> <span class='ocrx_word' id='word_1_121' title='bbox 634 2017 698 2066; x_wconf 81' lang='lat' dir='ltr'><strong>bina</strong></span> <span class='ocrx_word' id='word_1_122' title='bbox 709 2017 810 2080; x_wconf 71' lang='lat' dir='ltr'><strong>clystera</strong></span> <span class='ocrx_word' id='word_1_123' title='bbox 820 2017 926 2066; x_wconf 85' lang='lat' dir='ltr'><strong>blemm.</strong></span> <span class='ocrx_word' id='word_1_124' title='bbox 938 2015 1003 2079; x_wconf 87' lang='lat' dir='ltr'><strong>Cop.</strong></span> <span class='ocrx_word' id='word_1_125' title='bbox 1016 2013 1167 2076; x_wconf 74' lang='lat' dir='ltr'><strong>recepitque</strong></span> <span class='ocrx_word' id='word_1_126' title='bbox 1180 2011 1248 2060; x_wconf 81' lang='lat' dir='ltr'><strong>llud.</strong></span> <span class='ocrx_word' id='word_1_127' title='bbox 1259 2013 1342 2076; x_wconf 69' lang='lat' dir='ltr'><strong>clyste-</strong></span> 
     </span>
     <span class='ocr_line' id='line_1_18' title="bbox 249 2075 1339 2146; baseline -0.003 -18"><span class='ocrx_word' id='word_1_128' title='bbox 249 2095 303 2130; x_wconf 83' lang='lat' dir='ltr'><strong>reas</strong></span> <span class='ocrx_word' id='word_1_129' title='bbox 316 2081 453 2138; x_wconf 82' lang='lat' dir='ltr'><strong>Medic..l.</strong></span> <span class='ocrx_word' id='word_1_130' title='bbox 472 2085 496 2132; x_wconf 70' lang='lat'><strong>2.</strong></span> <span class='ocrx_word' id='word_1_131' title='bbox 517 2083 633 2146; x_wconf 70' lang='lat' dir='ltr'><strong>clystem</strong></span> <span class='ocrx_word' id='word_1_132' title='bbox 653 2081 738 2132; x_wconf 79' lang='lat' dir='ltr'><strong>Paria.</strong></span> <span class='ocrx_word' id='word_1_133' title='bbox 754 2081 851 2145; x_wconf 73' lang='lat' dir='ltr'><strong>clystere</strong></span> <span class='ocrx_word' id='word_1_134' title='bbox 869 2078 948 2130; x_wconf 85' lang='lat' dir='ltr'><strong>Vind.</strong></span> <span class='ocrx_word' id='word_1_135' title='bbox 967 2084 991 2130; x_wconf 87' lang='lat' dir='ltr'><strong>l.</strong></span> <span class='ocrx_word' id='word_1_136' title='bbox 1008 2077 1076 2129; x_wconf 81' lang='lat' dir='ltr'><strong>Edd.</strong></span> <span class='ocrx_word' id='word_1_137' title='bbox 1093 2077 1161 2126; x_wconf 84' lang='lat' dir='ltr'><strong>Van.</strong></span> <span class='ocrx_word' id='word_1_138' title='bbox 1174 2075 1239 2126; x_wconf 87' lang='lat' dir='ltr'><strong>Boo.</strong></span> <span class='ocrx_word' id='word_1_139' title='bbox 1257 2077 1339 2140; x_wconf 74' lang='lat' dir='ltr'><strong>bugd.</strong></span> 
     </span>
    </p>
   </div>
   <div class='ocr_carea' id='block_1_5' title="bbox 744 2256 852 2308">
    <p class='ocr_par' dir='ltr' id='par_1_5' title="bbox 744 2256 852 2308">
     <span class='ocr_line' id='line_1_19' title="bbox 744 2256 852 2308; baseline -0.019 0"><span class='ocrx_word' id='word_1_140' title='bbox 744 2256 852 2308; x_wconf 66' lang='lat' dir='ltr'><strong>Nota</strong></span> 
     </span>
    </p>
   </div>
   <div class='ocr_carea' id='block_1_6' title="bbox 247 2367 1343 4258">
    <p class='ocr_par' dir='ltr' id='par_1_6' title="bbox 247 2367 1343 4258">
     <span class='ocr_line' id='line_1_20' title="bbox 280 2367 1341 2436; baseline -0.007 -15"><span class='ocrx_word' id='word_1_141' title='bbox 280 2371 288 2406; x_wconf 86' lang='lat'><strong>¹</strong></span> <span class='ocrx_word' id='word_1_142' title='bbox 305 2373 440 2436; x_wconf 82' lang='lat' dir='ltr'><strong>Delatores]</strong></span> <span class='ocrx_word' id='word_1_143' title='bbox 462 2373 533 2425; x_wconf 79' lang='lat' dir='ltr'><strong>Quos</strong></span> <span class='ocrx_word' id='word_1_144' title='bbox 550 2373 619 2422; x_wconf 91' lang='lat' dir='ltr'><strong>inter</strong></span> <span class='ocrx_word' id='word_1_145' title='bbox 636 2372 775 2422; x_wconf 75' lang='lat' dir='ltr'><strong>Narcissus</strong></span> <span class='ocrx_word' id='word_1_146' title='bbox 812 2375 853 2420; x_wconf 65' lang='grc' dir='ltr'><strong>Ἠ.</strong></span> <span class='ocrx_word' id='word_1_147' title='bbox 871 2369 984 2420; x_wconf 86' lang='lat' dir='ltr'><strong>boletum</strong></span> <span class='ocrx_word' id='word_1_148' title='bbox 1003 2367 1033 2417; x_wconf 88' lang='lat' dir='ltr'><strong>iia</strong></span> <span class='ocrx_word' id='word_1_149' title='bbox 1052 2373 1205 2417; x_wconf 88' lang='lat' dir='ltr'><strong>annumerat</strong></span> <span class='ocrx_word' id='word_1_150' title='bbox 1224 2381 1281 2428; x_wconf 82' lang='lat' dir='ltr'><strong>quse</strong></span> <span class='ocrx_word' id='word_1_151' title='bbox 1302 2372 1341 2415; x_wconf 90' lang='lat' dir='ltr'><strong>te·</strong></span> 
     </span>
     <span class='ocr_line' id='line_1_21' title="bbox 250 2441 1339 2514; baseline -0.006 -18"><span class='ocrx_word' id='word_1_152' title='bbox 250 2447 366 2504; x_wconf 85' lang='lat' dir='ltr'><strong>libertus,</strong></span> <span class='ocrx_word' id='word_1_153' title='bbox 377 2449 409 2498; x_wconf 88' lang='lat' dir='ltr'><strong>de</strong></span> <span class='ocrx_word' id='word_1_154' title='bbox 422 2463 557 2514; x_wconf 86' lang='lat' dir='ltr'><strong>quosnpra</strong></span> <span class='ocrx_word' id='word_1_155' title='bbox 568 2463 627 2510; x_wconf 85' lang='lat' dir='ltr'><strong>cap.</strong></span> <span class='ocrx_word' id='word_1_156' title='bbox 638 2452 678 2496; x_wconf 82' lang='lat'><strong>28.</strong></span> <span class='ocrx_word' id='word_1_157' title='bbox 813 2460 883 2496; x_wconf 89' lang='lat' dir='ltr'><strong>mere</strong></span> <span class='ocrx_word' id='word_1_158' title='bbox 911 2444 1074 2506; x_wconf 85' lang='lat' dir='ltr'><strong>manduntur,</strong></span> <span class='ocrx_word' id='word_1_159' title='bbox 1100 2443 1208 2506; x_wconf 87' lang='lat' dir='ltr'><strong>ideoque</strong></span> <span class='ocrx_word' id='word_1_160' title='bbox 1232 2441 1339 2491; x_wconf 82' lang='lat' dir='ltr'><strong>Tacitus</strong></span> 
     </span>
     <span class='ocr_line' id='line_1_22' title="bbox 280 2517 1339 2591; baseline -0.009 -16"><span class='ocrx_word' id='word_1_161' title='bbox 280 2531 297 2556; x_wconf 82' lang='lat'><strong>¹¹</strong></span> <span class='ocrx_word' id='word_1_162' title='bbox 316 2526 460 2591; x_wconf 72' lang='lat' dir='ltr'><strong>Crinisum]</strong></span> <span class='ocrx_word' id='word_1_163' title='bbox 476 2525 649 2588; x_wconf 72' lang='lat' dir='ltr'><strong>impudicitia</strong></span> <span class='ocrx_word' id='word_1_164' title='bbox 667 2537 774 2588; x_wconf 80' lang='lat' dir='ltr'><strong>praaer·</strong></span> <span class='ocrx_word' id='word_1_165' title='bbox 813 2521 907 2572; x_wconf 78' lang='lat' dir='ltr'><strong>Annei.</strong></span> <span class='ocrx_word' id='word_1_166' title='bbox 920 2535 971 2570; x_wconf 79' lang='lat' dir='ltr'><strong>att.</strong></span> <span class='ocrx_word' id='word_1_167' title='bbox 983 2517 1131 2568; x_wconf 79' lang='lat' dir='ltr'><strong>delectabili</strong></span> <span class='ocrx_word' id='word_1_168' title='bbox 1145 2517 1288 2566; x_wconf 88' lang='lat' dir='ltr'><strong>boletorum</strong></span> <span class='ocrx_word' id='word_1_169' title='bbox 1304 2517 1339 2566; x_wconf 89' lang='lat' dir='ltr'><strong>ci·</strong></span> 
     </span>
     <span class='ocr_line' id='line_1_23' title="bbox 248 2593 1340 2664; baseline -0.009 -14"><span class='ocrx_word' id='word_1_170' title='bbox 248 2601 294 2650; x_wconf 90' lang='lat' dir='ltr'><strong>tim</strong></span> <span class='ocrx_word' id='word_1_171' title='bbox 305 2615 361 2650; x_wconf 88' lang='lat' dir='ltr'><strong>cum</strong></span> <span class='ocrx_word' id='word_1_172' title='bbox 380 2602 498 2652; x_wconf 78' lang='lat' dir='ltr'><strong>Pallante</strong></span> <span class='ocrx_word' id='word_1_173' title='bbox 517 2603 620 2662; x_wconf 85' lang='lat' dir='ltr'><strong>liberto,</strong></span> <span class='ocrx_word' id='word_1_174' title='bbox 630 2599 662 2648; x_wconf 85' lang='lat' dir='ltr'><strong>de</strong></span> <span class='ocrx_word' id='word_1_175' title='bbox 674 2613 723 2664; x_wconf 88' lang='lat' dir='ltr'><strong>quo</strong></span> <span class='ocrx_word' id='word_1_176' title='bbox 734 2615 774 2648; x_wconf 87' lang='lat' dir='ltr'><strong>su·</strong></span> <span class='ocrx_word' id='word_1_177' title='bbox 812 2597 845 2646; x_wconf 93' lang='lat' dir='ltr'><strong>bo</strong></span> <span class='ocrx_word' id='word_1_178' title='bbox 857 2594 968 2645; x_wconf 85' lang='lat' dir='ltr'><strong>inl&#39;usunt</strong></span> <span class='ocrx_word' id='word_1_179' title='bbox 981 2608 1105 2642; x_wconf 81' lang='lat' dir='ltr'><strong>venenum</strong></span> <span class='ocrx_word' id='word_1_180' title='bbox 1117 2593 1182 2640; x_wconf 87' lang='lat' dir='ltr'><strong>dicit</strong></span> <span class='ocrx_word' id='word_1_181' title='bbox 1193 2607 1201 2652; x_wconf 86' lang='lat'>;</span> <span class='ocrx_word' id='word_1_182' title='bbox 1218 2593 1284 2640; x_wconf 70' lang='lat' dir='ltr'><strong>unte</strong></span> <span class='ocrx_word' id='word_1_183' title='bbox 1294 2606 1340 2654; x_wconf 87' lang='lat' dir='ltr'><strong>pe-</strong></span> 
     </span>
     <span class='ocr_line' id='line_1_24' title="bbox 250 2665 1343 2741; baseline -0.01 -16"><span class='ocrx_word' id='word_1_184' title='bbox 250 2690 298 2741; x_wconf 90' lang='lat' dir='ltr'><strong>pta</strong></span> <span class='ocrx_word' id='word_1_185' title='bbox 309 2677 370 2726; x_wconf 85' lang='lat' dir='ltr'><strong>ibid.</strong></span> <span class='ocrx_word' id='word_1_186' title='bbox 813 2679 852 2720; x_wconf 87' lang='lat' dir='ltr'><strong>tet</strong></span> <span class='ocrx_word' id='word_1_187' title='bbox 864 2687 894 2720; x_wconf 84' lang='lat' dir='ltr'><strong>ea</strong></span> <span class='ocrx_word' id='word_1_188' title='bbox 908 2672 938 2718; x_wconf 89' lang='lat' dir='ltr'><strong>iis</strong></span> <span class='ocrx_word' id='word_1_189' title='bbox 950 2668 1035 2730; x_wconf 70' lang='lat' dir='ltr'><strong>tangis</strong></span> <span class='ocrx_word' id='word_1_190' title='bbox 1047 2683 1097 2716; x_wconf 91' lang='lat' dir='ltr'><strong>non</strong></span> <span class='ocrx_word' id='word_1_191' title='bbox 1110 2665 1198 2724; x_wconf 69' lang='lat' dir='ltr'><strong>iusisse,</strong></span> <span class='ocrx_word' id='word_1_192' title='bbox 1208 2669 1251 2731; x_wconf 84' lang='lat' dir='ltr'><strong>qsti</strong></span> <span class='ocrx_word' id='word_1_193' title='bbox 1262 2681 1343 2731; x_wconf 91' lang='lat' dir='ltr'><strong>quan·</strong></span> 
     </span>
     <span class='ocr_line' id='line_1_25' title="bbox 281 2741 1341 2815; baseline -0.012 -14"><span class='ocrx_word' id='word_1_194' title='bbox 281 2759 294 2785; x_wconf 80' lang='lat'><strong>¹</strong></span> <span class='ocrx_word' id='word_1_195' title='bbox 314 2753 372 2815; x_wconf 85' lang='lat' dir='ltr'><strong>Ubi]</strong></span> <span class='ocrx_word' id='word_1_196' title='bbox 389 2753 428 2801; x_wconf 82' lang='lat' dir='ltr'><strong>Ex</strong></span> <span class='ocrx_word' id='word_1_197' title='bbox 439 2751 522 2800; x_wconf 80' lang='lat' dir='ltr'><strong>Tacit.</strong></span> <span class='ocrx_word' id='word_1_198' title='bbox 534 2751 690 2802; x_wconf 73' lang='lat' dir='ltr'><strong>Auaabatt.</strong></span> <span class='ocrx_word' id='word_1_199' title='bbox 702 2757 775 2813; x_wconf 88' lang='lat' dir='ltr'><strong>patet</strong></span> <span class='ocrx_word' id='word_1_200' title='bbox 813 2762 889 2812; x_wconf 85' lang='lat' dir='ltr'><strong>qttam</strong></span> <span class='ocrx_word' id='word_1_201' title='bbox 907 2747 1019 2796; x_wconf 81' lang='lat' dir='ltr'><strong>boletum</strong></span> <span class='ocrx_word' id='word_1_202' title='bbox 1039 2743 1200 2792; x_wconf 81' lang='lat' dir='ltr'><strong>extrinsecus</strong></span> <span class='ocrx_word' id='word_1_203' title='bbox 1218 2741 1341 2800; x_wconf 84' lang='lat' dir='ltr'><strong>reserant,</strong></span> 
     </span>
     <span class='ocr_line' id='line_1_26' title="bbox 248 2815 1340 2888; baseline -0.011 -12"><span class='ocrx_word' id='word_1_204' title='bbox 248 2827 328 2878; x_wconf 86' lang='lat' dir='ltr'><strong>t&#39;uitse</strong></span> <span class='ocrx_word' id='word_1_205' title='bbox 340 2829 365 2876; x_wconf 91' lang='lat' dir='ltr'><strong>la</strong></span> <span class='ocrx_word' id='word_1_206' title='bbox 378 2827 489 2888; x_wconf 88' lang='lat' dir='ltr'><strong>Palatio,</strong></span> <span class='ocrx_word' id='word_1_207' title='bbox 504 2835 556 2875; x_wconf 87' lang='lat' dir='ltr'><strong>eta</strong></span> <span class='ocrx_word' id='word_1_208' title='bbox 568 2829 688 2883; x_wconf 81' lang='lat' dir='ltr'><strong>Locusta,</strong></span> <span class='ocrx_word' id='word_1_209' title='bbox 700 2839 775 2874; x_wconf 63' lang='lat' dir='ltr'><strong>rene</strong></span> <span class='ocrx_word' id='word_1_210' title='bbox 813 2824 938 2874; x_wconf 72' lang='lat' dir='ltr'><strong>mortiferi</strong></span> <span class='ocrx_word' id='word_1_211' title='bbox 951 2832 1036 2872; x_wconf 85' lang='lat' dir='ltr'><strong>tamen</strong></span> <span class='ocrx_word' id='word_1_212' title='bbox 1045 2828 1120 2878; x_wconf 85' lang='lat' dir='ltr'><strong>sunt;</strong></span> <span class='ocrx_word' id='word_1_213' title='bbox 1138 2817 1204 2866; x_wconf 83' lang='lat' dir='ltr'><strong>uude</strong></span> <span class='ocrx_word' id='word_1_214' title='bbox 1216 2824 1243 2867; x_wconf 85' lang='lat' dir='ltr'><strong>et</strong></span> <span class='ocrx_word' id='word_1_215' title='bbox 1258 2815 1340 2866; x_wconf 82' lang='lat' dir='ltr'><strong>l&#39;liaio</strong></span> 
     </span>
     <span class='ocr_line' id='line_1_27' title="bbox 249 2893 1341 2966; baseline -0.015 -12"><span class='ocrx_word' id='word_1_216' title='bbox 249 2905 302 2956; x_wconf 80' lang='lat' dir='ltr'><strong>ficii</strong></span> <span class='ocrx_word' id='word_1_217' title='bbox 323 2905 444 2954; x_wconf 81' lang='lat' dir='ltr'><strong>daninata</strong></span> <span class='ocrx_word' id='word_1_218' title='bbox 466 2903 582 2966; x_wconf 79' lang='lat' dir='ltr'><strong>muliere,</strong></span> <span class='ocrx_word' id='word_1_219' title='bbox 601 2909 774 2966; x_wconf 70' lang='lat' dir='ltr'><strong>preparatum</strong></span> <span class='ocrx_word' id='word_1_220' title='bbox 813 2899 907 2950; x_wconf 85' lang='lat' dir='ltr'><strong>ibidem</strong></span> <span class='ocrx_word' id='word_1_221' title='bbox 929 2912 987 2959; x_wconf 83' lang='lat' dir='ltr'><strong>cap.</strong></span> <span class='ocrx_word' id='word_1_222' title='bbox 1004 2899 1044 2944; x_wconf 70' lang='grc'><strong>28.</strong></span> <span class='ocrx_word' id='word_1_223' title='bbox 1063 2902 1090 2945; x_wconf 85' lang='lat' dir='ltr'><strong>et</strong></span> <span class='ocrx_word' id='word_1_224' title='bbox 1106 2893 1228 2946; x_wconf 76' lang='lat' dir='ltr'><strong>lunensii</strong></span> <span class='ocrx_word' id='word_1_225' title='bbox 1245 2895 1299 2942; x_wconf 83' lang='lat' dir='ltr'><strong>Set.</strong></span> <span class='ocrx_word' id='word_1_226' title='bbox 1313 2906 1341 2941; x_wconf 84' lang='lat' dir='ltr'><strong>r.</strong></span> 
     </span>
     <span class='ocr_line' id='line_1_28' title="bbox 249 2969 1339 3040; baseline -0.01 -11"><span class='ocrx_word' id='word_1_227' title='bbox 249 2978 339 3030; x_wconf 85' lang='lat' dir='ltr'><strong>luisse.</strong></span> <span class='ocrx_word' id='word_1_228' title='bbox 813 2992 852 3027; x_wconf 84' lang='lat' dir='ltr'><strong>ra.</strong></span> <span class='ocrx_word' id='word_1_229' title='bbox 864 2981 922 3026; x_wconf 80' lang='lat' dir='ltr'><strong>llo.</strong></span> <span class='ocrx_word' id='word_1_230' title='bbox 934 2974 1060 3040; x_wconf 82' lang='lat' dir='ltr'><strong>ancipites</strong></span> <span class='ocrx_word' id='word_1_231' title='bbox 1071 2972 1210 3022; x_wconf 86' lang='lat' dir='ltr'><strong>dicuntur:</strong></span> <span class='ocrx_word' id='word_1_232' title='bbox 1221 2971 1229 3000; x_wconf 87' lang='lat'>‘</span> <span class='ocrx_word' id='word_1_233' title='bbox 1239 2969 1339 3024; x_wconf 75' lang='lat' dir='ltr'><strong>Vilibus</strong></span> 
     </span>
     <span class='ocr_line' id='line_1_29' title="bbox 280 3045 1274 3120; baseline -0.012 -14"><span class='ocrx_word' id='word_1_234' title='bbox 280 3063 292 3090; x_wconf 84' lang='lat'><em>⁰</em></span> <span class='ocrx_word' id='word_1_235' title='bbox 309 3057 359 3105; x_wconf 83' lang='lat' dir='ltr'><strong>Per</strong></span> <span class='ocrx_word' id='word_1_236' title='bbox 369 3055 496 3120; x_wconf 67' lang='lat' dir='ltr'><strong>Heluam]</strong></span> <span class='ocrx_word' id='word_1_237' title='bbox 517 3055 621 3105; x_wconf 76' lang='lat' dir='ltr'><strong>Tacitae</strong></span> <span class='ocrx_word' id='word_1_238' title='bbox 635 3053 731 3103; x_wconf 81' lang='lat' dir='ltr'><strong>ibidem</strong></span> <span class='ocrx_word' id='word_1_239' title='bbox 742 3051 774 3102; x_wconf 89' lang='lat' dir='ltr'><strong>de</strong></span> <span class='ocrx_word' id='word_1_240' title='bbox 814 3053 938 3116; x_wconf 88' lang='lat' dir='ltr'><strong>ancipites</strong></span> <span class='ocrx_word' id='word_1_241' title='bbox 950 3049 1021 3114; x_wconf 70' lang='lat' dir='ltr'><strong>fungi</strong></span> <span class='ocrx_word' id='word_1_242' title='bbox 1032 3056 1160 3112; x_wconf 85' lang='lat' dir='ltr'><strong>ponentur</strong></span> <span class='ocrx_word' id='word_1_243' title='bbox 1169 3045 1274 3096; x_wconf 65' lang='lat' dir='ltr'><strong>amieis!</strong></span> 
     </span>
     <span class='ocr_line' id='line_1_30' title="bbox 248 3121 1338 3198; baseline -0.009 -18"><span class='ocrx_word' id='word_1_244' title='bbox 248 3135 399 3182; x_wconf 88' lang='lat' dir='ltr'><strong>renenoillo</strong></span> <span class='ocrx_word' id='word_1_245' title='bbox 411 3135 531 3198; x_wconf 84' lang='lat' dir='ltr'><strong>loquens:</strong></span> <span class='ocrx_word' id='word_1_246' title='bbox 549 3135 556 3160; x_wconf 81' lang='lat'><strong>¹</strong></span> <span class='ocrx_word' id='word_1_247' title='bbox 569 3131 647 3195; x_wconf 86' lang='lat' dir='ltr'><strong>Cujus</strong></span> <span class='ocrx_word' id='word_1_248' title='bbox 657 3131 775 3179; x_wconf 76' lang='lat' dir='ltr'><strong>minister</strong></span> <span class='ocrx_word' id='word_1_249' title='bbox 845 3135 855 3162; x_wconf 78' lang='lat'><em>¹</em></span> <span class='ocrx_word' id='word_1_250' title='bbox 871 3127 1050 3192; x_wconf 72' lang='lat' dir='ltr'><strong>Repetitampae</strong></span> <span class='ocrx_word' id='word_1_251' title='bbox 1068 3123 1159 3185; x_wconf 76' lang='lat' dir='ltr'><strong>taxica]</strong></span> <span class='ocrx_word' id='word_1_252' title='bbox 1174 3123 1279 3172; x_wconf 84' lang='lat' dir='ltr'><strong>Tacitus</strong></span> <span class='ocrx_word' id='word_1_253' title='bbox 1294 3121 1338 3170; x_wconf 88' lang='lat' dir='ltr'><strong>ali-</strong></span> 
     </span>
     <span class='ocr_line' id='line_1_31' title="bbox 249 3197 1339 3273; baseline -0.01 -15"><span class='ocrx_word' id='word_1_254' title='bbox 249 3224 264 3258; x_wconf 87' lang='lat' dir='ltr'><strong>e</strong></span> <span class='ocrx_word' id='word_1_255' title='bbox 290 3209 443 3273; x_wconf 75' lang='lat' dir='ltr'><strong>spadonibus</strong></span> <span class='ocrx_word' id='word_1_256' title='bbox 460 3206 509 3257; x_wconf 86' lang='lat' dir='ltr'><strong>luit</strong></span> <span class='ocrx_word' id='word_1_257' title='bbox 532 3207 653 3266; x_wconf 83' lang='lat' dir='ltr'><strong>Halotus,</strong></span> <span class='ocrx_word' id='word_1_258' title='bbox 680 3205 774 3255; x_wconf 85' lang='lat' dir='ltr'><strong>inierre</strong></span> <span class='ocrx_word' id='word_1_259' title='bbox 812 3219 854 3254; x_wconf 90' lang='lat' dir='ltr'><strong>am</strong></span> <span class='ocrx_word' id='word_1_260' title='bbox 877 3203 960 3254; x_wconf 86' lang='lat' dir='ltr'><strong>adbuc</strong></span> <span class='ocrx_word' id='word_1_261' title='bbox 980 3201 1083 3252; x_wconf 88' lang='lat' dir='ltr'><strong>modom</strong></span> <span class='ocrx_word' id='word_1_262' title='bbox 1101 3197 1182 3248; x_wconf 80' lang='lat' dir='ltr'><strong>refert</strong></span> <span class='ocrx_word' id='word_1_263' title='bbox 1201 3197 1266 3247; x_wconf 88' lang='lat' dir='ltr'><strong>libro</strong></span> <span class='ocrx_word' id='word_1_264' title='bbox 1289 3211 1339 3248; x_wconf 84' lang='lat' dir='ltr'><strong>ru.</strong></span> 
     </span>
     <span class='ocr_line' id='line_1_32' title="bbox 249 3273 1338 3349; baseline -0.011 -15"><span class='ocrx_word' id='word_1_265' title='bbox 249 3287 337 3349; x_wconf 90' lang='lat' dir='ltr'><strong>epulas</strong></span> <span class='ocrx_word' id='word_1_266' title='bbox 347 3293 374 3334; x_wconf 86' lang='lat' dir='ltr'><strong>et</strong></span> <span class='ocrx_word' id='word_1_267' title='bbox 383 3285 520 3349; x_wconf 83' lang='lat' dir='ltr'><strong>explorare</strong></span> <span class='ocrx_word' id='word_1_268' title='bbox 533 3293 608 3348; x_wconf 69' lang='lat' dir='ltr'><strong>gnato</strong></span> <span class='ocrx_word' id='word_1_269' title='bbox 621 3283 727 3333; x_wconf 67' lang='lat' dir='ltr'><strong>solitus!</strong></span> <span class='ocrx_word' id='word_1_270' title='bbox 812 3291 937 3335; x_wconf 83' lang='lat' dir='ltr'><strong>exttesno.</strong></span> <span class='ocrx_word' id='word_1_271' title='bbox 954 3279 1030 3328; x_wconf 81' lang='lat' dir='ltr'><strong>‘Nec</strong></span> <span class='ocrx_word' id='word_1_272' title='bbox 1048 3277 1097 3325; x_wconf 84' lang='lat' dir='ltr'><strong>sim</strong></span> <span class='ocrx_word' id='word_1_273' title='bbox 1113 3273 1288 3323; x_wconf 76' lang='lat' dir='ltr'><strong>medicaminis</strong></span> <span class='ocrx_word' id='word_1_274' title='bbox 1299 3286 1338 3322; x_wconf 87' lang='lat' dir='ltr'><strong>aa·</strong></span> 
     </span>
     <span class='ocr_line' id='line_1_33' title="bbox 281 3347 1341 3424; baseline -0.012 -13"><span class='ocrx_word' id='word_1_275' title='bbox 281 3359 526 3424; x_wconf 59' lang='lat' dir='ltr'><strong>thessalum]</strong></span> <span class='ocrx_word' id='word_1_276' title='bbox 547 3362 642 3408; x_wconf 79' lang='lat' dir='ltr'><strong>Munus</strong></span> <span class='ocrx_word' id='word_1_277' title='bbox 662 3361 710 3409; x_wconf 88' lang='lat' dir='ltr'><strong>boc</strong></span> <span class='ocrx_word' id='word_1_278' title='bbox 729 3359 774 3408; x_wconf 89' lang='lat' dir='ltr'><strong>de·</strong></span> <span class='ocrx_word' id='word_1_279' title='bbox 811 3357 846 3406; x_wconf 86' lang='lat' dir='ltr'><strong>tis</strong></span> <span class='ocrx_word' id='word_1_280' title='bbox 871 3355 1038 3411; x_wconf 82' lang='lat' dir='ltr'><strong>intellectam.</strong></span> <span class='ocrx_word' id='word_1_281' title='bbox 1062 3349 1214 3401; x_wconf 80' lang='lat' dir='ltr'><strong>socordiane</strong></span> <span class='ocrx_word' id='word_1_282' title='bbox 1238 3347 1341 3398; x_wconf 85' lang='lat' dir='ltr'><strong>claudii</strong></span> 
     </span>
     <span class='ocr_line' id='line_1_34' title="bbox 248 3423 1341 3500; baseline -0.015 -13"><span class='ocrx_word' id='word_1_283' title='bbox 248 3439 363 3488; x_wconf 87' lang='lat' dir='ltr'><strong>mandari</strong></span> <span class='ocrx_word' id='word_1_284' title='bbox 378 3439 480 3488; x_wconf 85' lang='lat' dir='ltr'><strong>solitum</strong></span> <span class='ocrx_word' id='word_1_285' title='bbox 500 3439 534 3493; x_wconf 89' lang='lat' dir='ltr'><strong>ei,</strong></span> <span class='ocrx_word' id='word_1_286' title='bbox 554 3450 629 3500; x_wconf 83' lang='lat' dir='ltr'><strong>qrseut</strong></span> <span class='ocrx_word' id='word_1_287' title='bbox 646 3435 775 3499; x_wconf 85' lang='lat' dir='ltr'><strong>principes</strong></span> <span class='ocrx_word' id='word_1_288' title='bbox 812 3446 844 3481; x_wconf 89' lang='lat' dir='ltr'><strong>an</strong></span> <span class='ocrx_word' id='word_1_289' title='bbox 855 3431 1011 3481; x_wconf 78' lang='lat' dir='ltr'><strong>vinolentia:</strong></span> <span class='ocrx_word' id='word_1_290' title='bbox 1023 3423 1341 3476; x_wconf 83' lang='lat' dir='ltr'><strong>simulsclutaalrnssob·</strong></span> 
     </span>
     <span class='ocr_line' id='line_1_35' title="bbox 249 3497 1340 3577; baseline -0.013 -15"><span class='ocrx_word' id='word_1_291' title='bbox 249 3515 364 3577; x_wconf 83' lang='lat' dir='ltr'><strong>inprimis</strong></span> <span class='ocrx_word' id='word_1_292' title='bbox 386 3511 538 3576; x_wconf 73' lang='lat' dir='ltr'><strong>diligebant.</strong></span> <span class='ocrx_word' id='word_1_293' title='bbox 578 3513 659 3562; x_wconf 79' lang='lat' dir='ltr'><strong>Tacit.</strong></span> <span class='ocrx_word' id='word_1_294' title='bbox 680 3510 773 3561; x_wconf 78' lang='lat' dir='ltr'><strong>Annei.</strong></span> <span class='ocrx_word' id='word_1_295' title='bbox 812 3507 914 3556; x_wconf 81' lang='lat' dir='ltr'><strong>venisse</strong></span> <span class='ocrx_word' id='word_1_296' title='bbox 932 3504 1076 3554; x_wconf 81' lang='lat' dir='ltr'><strong>ridebatur.</strong></span> <span class='ocrx_word' id='word_1_297' title='bbox 1109 3501 1194 3564; x_wconf 72' lang='lat' dir='ltr'><strong>lgitur</strong></span> <span class='ocrx_word' id='word_1_298' title='bbox 1214 3497 1340 3550; x_wconf 76' lang='lat' dir='ltr'><strong>exterrita</strong></span> 
     </span>
     <span class='ocr_line' id='line_1_36' title="bbox 249 3573 1340 3652; baseline -0.017 -12"><span class='ocrx_word' id='word_1_299' title='bbox 249 3603 314 3640; x_wconf 83' lang='lat' dir='ltr'><strong>xtrt.</strong></span> <span class='ocrx_word' id='word_1_300' title='bbox 330 3591 418 3642; x_wconf 78' lang='lat' dir='ltr'><strong>‘Quia</strong></span> <span class='ocrx_word' id='word_1_301' title='bbox 429 3591 500 3640; x_wconf 88' lang='lat' dir='ltr'><strong>cibos</strong></span> <span class='ocrx_word' id='word_1_302' title='bbox 522 3595 647 3652; x_wconf 84' lang='lat' dir='ltr'><strong>potusque</strong></span> <span class='ocrx_word' id='word_1_303' title='bbox 663 3587 774 3636; x_wconf 85' lang='lat' dir='ltr'><strong>dilectas</strong></span> <span class='ocrx_word' id='word_1_304' title='bbox 813 3581 967 3646; x_wconf 71' lang='lat' dir='ltr'><strong>Agrippina,</strong></span> <span class='ocrx_word' id='word_1_305' title='bbox 989 3587 1015 3629; x_wconf 88' lang='lat' dir='ltr'><strong>ct</strong></span> <span class='ocrx_word' id='word_1_306' title='bbox 1036 3575 1137 3642; x_wconf 78' lang='lat' dir='ltr'><strong>quaudo</strong></span> <span class='ocrx_word' id='word_1_307' title='bbox 1157 3573 1248 3626; x_wconf 87' lang='lat' dir='ltr'><strong>ultima</strong></span> <span class='ocrx_word' id='word_1_308' title='bbox 1264 3574 1340 3622; x_wconf 87' lang='lat' dir='ltr'><strong>time·</strong></span> 
     </span>
     <span class='ocr_line' id='line_1_37' title="bbox 249 3648 1341 3728; baseline -0.016 -14"><span class='ocrx_word' id='word_1_309' title='bbox 249 3681 282 3714; x_wconf 81' lang='lat' dir='ltr'><strong>ex</strong></span> <span class='ocrx_word' id='word_1_310' title='bbox 293 3665 414 3715; x_wconf 82' lang='lat' dir='ltr'><strong>ministris</strong></span> <span class='ocrx_word' id='word_1_311' title='bbox 425 3663 594 3728; x_wconf 74' lang='lat' dir='ltr'><strong>explorabat:</strong></span> <span class='ocrx_word' id='word_1_312' title='bbox 625 3665 708 3715; x_wconf 82' lang='lat' dir='ltr'><strong>Quem</strong></span> <span class='ocrx_word' id='word_1_313' title='bbox 721 3677 774 3712; x_wconf 87' lang='lat' dir='ltr'><strong>mn·</strong></span> <span class='ocrx_word' id='word_1_314' title='bbox 813 3658 916 3719; x_wconf 86' lang='lat' dir='ltr'><strong>bantur,</strong></span> <span class='ocrx_word' id='word_1_315' title='bbox 936 3662 1025 3720; x_wconf 84' lang='lat' dir='ltr'><strong>spreta</strong></span> <span class='ocrx_word' id='word_1_316' title='bbox 1044 3653 1209 3720; x_wconf 74' lang='lat' dir='ltr'><strong>praeentiam</strong></span> <span class='ocrx_word' id='word_1_317' title='bbox 1235 3648 1341 3710; x_wconf 81' lang='lat' dir='ltr'><strong>insidia,</strong></span> 
     </span>
     <span class='ocr_line' id='line_1_38' title="bbox 247 3723 1341 3804; baseline -0.016 -14"><span class='ocrx_word' id='word_1_318' title='bbox 247 3755 311 3802; x_wconf 86' lang='lat' dir='ltr'><strong>rem,</strong></span> <span class='ocrx_word' id='word_1_319' title='bbox 321 3749 408 3790; x_wconf 87' lang='lat' dir='ltr'><strong>stante</strong></span> <span class='ocrx_word' id='word_1_320' title='bbox 420 3739 573 3804; x_wconf 81' lang='lat' dir='ltr'><strong>Republica,</strong></span> <span class='ocrx_word' id='word_1_321' title='bbox 584 3741 710 3802; x_wconf 68' lang='lat' dir='ltr'><strong>ignotum,</strong></span> <span class='ocrx_word' id='word_1_322' title='bbox 725 3753 774 3788; x_wconf 87' lang='lat' dir='ltr'><strong>nec</strong></span> <span class='ocrx_word' id='word_1_323' title='bbox 813 3735 938 3799; x_wconf 87' lang='lat' dir='ltr'><strong>ptoriaam</strong></span> <span class='ocrx_word' id='word_1_324' title='bbox 945 3735 1000 3798; x_wconf 86' lang='lat' dir='ltr'><strong>jam</strong></span> <span class='ocrx_word' id='word_1_325' title='bbox 1012 3730 1060 3780; x_wconf 88' lang='lat' dir='ltr'><strong>sibi</strong></span> <span class='ocrx_word' id='word_1_326' title='bbox 1073 3727 1252 3792; x_wconf 79' lang='lat' dir='ltr'><strong>Xenophontis</strong></span> <span class='ocrx_word' id='word_1_327' title='bbox 1261 3723 1341 3774; x_wconf 86' lang='lat' dir='ltr'><strong>medl-</strong></span> 
     </span>
     <span class='ocr_line' id='line_1_39' title="bbox 248 3804 1339 3880; baseline -0.017 -13"><span class='ocrx_word' id='word_1_328' title='bbox 248 3825 310 3867; x_wconf 86' lang='lat' dir='ltr'><strong>ente</strong></span> <span class='ocrx_word' id='word_1_329' title='bbox 334 3817 477 3880; x_wconf 74' lang='lat' dir='ltr'><strong>Anptstum</strong></span> <span class='ocrx_word' id='word_1_330' title='bbox 494 3817 631 3878; x_wconf 73' lang='lat' dir='ltr'><strong>increpitae</strong></span> <span class='ocrx_word' id='word_1_331' title='bbox 648 3815 775 3878; x_wconf 68' lang='lat' dir='ltr'><strong>colligunt</strong></span> <span class='ocrx_word' id='word_1_332' title='bbox 812 3813 837 3862; x_wconf 90' lang='lat' dir='ltr'><strong>ci</strong></span> <span class='ocrx_word' id='word_1_333' title='bbox 857 3811 1039 3863; x_wconf 82' lang='lat' dir='ltr'><strong>conscientiam</strong></span> <span class='ocrx_word' id='word_1_334' title='bbox 1064 3806 1186 3864; x_wconf 83' lang='lat' dir='ltr'><strong>adbibet;</strong></span> <span class='ocrx_word' id='word_1_335' title='bbox 1214 3804 1257 3853; x_wconf 86' lang='lat' dir='ltr'><strong>ille</strong></span> <span class='ocrx_word' id='word_1_336' title='bbox 1285 3809 1339 3850; x_wconf 89' lang='lat' dir='ltr'><strong>tan·</strong></span> 
     </span>
     <span class='ocr_line' id='line_1_40' title="bbox 248 3877 1340 3954; baseline -0.018 -10"><span class='ocrx_word' id='word_1_337' title='bbox 248 3895 296 3944; x_wconf 84' lang='lat' dir='ltr'><strong>siri</strong></span> <span class='ocrx_word' id='word_1_338' title='bbox 308 3895 387 3950; x_wconf 85' lang='lat' dir='ltr'><strong>docti,</strong></span> <span class='ocrx_word' id='word_1_339' title='bbox 399 3902 452 3943; x_wconf 87' lang='lat' dir='ltr'><strong>tam</strong></span> <span class='ocrx_word' id='word_1_340' title='bbox 462 3908 495 3942; x_wconf 84' lang='lat' dir='ltr'><strong>es</strong></span> <span class='ocrx_word' id='word_1_341' title='bbox 505 3893 629 3943; x_wconf 80' lang='lat' dir='ltr'><strong>Suetonio</strong></span> <span class='ocrx_word' id='word_1_342' title='bbox 638 3900 666 3940; x_wconf 87' lang='lat' dir='ltr'><strong>st</strong></span> <span class='ocrx_word' id='word_1_343' title='bbox 674 3891 775 3950; x_wconf 75' lang='lat' dir='ltr'><strong>Tacito,</strong></span> <span class='ocrx_word' id='word_1_344' title='bbox 812 3903 887 3954; x_wconf 78' lang='lat' dir='ltr'><strong>qnam</strong></span> <span class='ocrx_word' id='word_1_345' title='bbox 900 3881 1273 3944; x_wconf 69' lang='lat' dir='ltr'><strong>nisnseeenemtsetjuveren</strong></span> <span class='ocrx_word' id='word_1_346' title='bbox 1283 3877 1340 3941; x_wconf 89' lang='lat' dir='ltr'><strong>pin·</strong></span> 
     </span>
     <span class='ocr_line' id='line_1_41' title="bbox 248 3953 1340 4034; baseline -0.016 -16"><span class='ocrx_word' id='word_1_347' title='bbox 248 3979 302 4020; x_wconf 88' lang='lat' dir='ltr'><strong>turn</strong></span> <span class='ocrx_word' id='word_1_348' title='bbox 313 3985 345 4019; x_wconf 85' lang='lat' dir='ltr'><strong>ex</strong></span> <span class='ocrx_word' id='word_1_349' title='bbox 366 3969 584 4034; x_wconf 83' lang='lat' dir='ltr'><strong>inscriptionibus,</strong></span> <span class='ocrx_word' id='word_1_350' title='bbox 595 3981 658 4031; x_wconf 84' lang='lat' dir='ltr'><strong>qnae</strong></span> <span class='ocrx_word' id='word_1_351' title='bbox 676 3966 734 4016; x_wconf 81' lang='lat' dir='ltr'><strong>vide</strong></span> <span class='ocrx_word' id='word_1_352' title='bbox 748 3966 774 4015; x_wconf 87' lang='lat' dir='ltr'><strong>iu</strong></span> <span class='ocrx_word' id='word_1_353' title='bbox 813 3978 870 4014; x_wconf 87' lang='lat' dir='ltr'><strong>nam</strong></span> <span class='ocrx_word' id='word_1_354' title='bbox 890 3962 979 4026; x_wconf 87' lang='lat' dir='ltr'><strong>rapido</strong></span> <span class='ocrx_word' id='word_1_355' title='bbox 998 3973 1098 4010; x_wconf 77' lang='lat' dir='ltr'><strong>veneno</strong></span> <span class='ocrx_word' id='word_1_356' title='bbox 1114 3957 1205 4006; x_wconf 88' lang='lat' dir='ltr'><strong>illitam</strong></span> <span class='ocrx_word' id='word_1_357' title='bbox 1224 3953 1340 4004; x_wconf 80' lang='lat' dir='ltr'><strong>lancibus</strong></span> 
     </span>
     <span class='ocr_line' id='line_1_42' title="bbox 247 4029 1341 4104; baseline -0.012 -9"><span class='ocrx_word' id='word_1_358' title='bbox 247 4047 329 4096; x_wconf 85' lang='lat' dir='ltr'><strong>calce.</strong></span> <span class='ocrx_word' id='word_1_359' title='bbox 812 4041 867 4104; x_wconf 84' lang='lat' dir='ltr'><strong>ejas</strong></span> <span class='ocrx_word' id='word_1_360' title='bbox 879 4039 1014 4088; x_wconf 86' lang='lat' dir='ltr'><strong>demisisse</strong></span> <span class='ocrx_word' id='word_1_361' title='bbox 1026 4031 1157 4086; x_wconf 85' lang='lat' dir='ltr'><strong>ereditot.&#39;</strong></span> <span class='ocrx_word' id='word_1_362' title='bbox 1184 4029 1341 4094; x_wconf 84' lang='lat' dir='ltr'><strong>Videsopra</strong></span> 
     </span>
     <span class='ocr_line' id='line_1_43' title="bbox 278 4116 969 4182; baseline -0.017 -9"><span class='ocrx_word' id='word_1_363' title='bbox 278 4130 291 4164; x_wconf 76' lang='lat' dir='ltr'><strong>t</strong></span> <span class='ocrx_word' id='word_1_364' title='bbox 316 4123 426 4172; x_wconf 76' lang='lat' dir='ltr'><strong>Boletum</strong></span> <span class='ocrx_word' id='word_1_365' title='bbox 445 4119 597 4182; x_wconf 68' lang='lat' dir='ltr'><strong>montem]</strong></span> <span class='ocrx_word' id='word_1_366' title='bbox 623 4119 682 4168; x_wconf 86' lang='lat' dir='ltr'><strong>Nec</strong></span> <span class='ocrx_word' id='word_1_367' title='bbox 704 4119 772 4168; x_wconf 84' lang='lat' dir='ltr'><strong>enim</strong></span> <span class='ocrx_word' id='word_1_368' title='bbox 813 4116 969 4179; x_wconf 66' lang='lat' dir='ltr'><strong>adcanto.</strong></span> 
     </span>
     <span class='ocr_line' id='line_1_44' title="bbox 248 4194 772 4258; baseline -0.008 -10"><span class='ocrx_word' id='word_1_369' title='bbox 248 4198 317 4252; x_wconf 84' lang='lat' dir='ltr'><strong>solus</strong></span> <span class='ocrx_word' id='word_1_370' title='bbox 328 4205 414 4256; x_wconf 83' lang='lat' dir='ltr'><strong>nocet,</strong></span> <span class='ocrx_word' id='word_1_371' title='bbox 425 4204 453 4246; x_wconf 91' lang='lat' dir='ltr'><strong>et</strong></span> <span class='ocrx_word' id='word_1_372' title='bbox 463 4195 563 4248; x_wconf 82' lang='lat' dir='ltr'><strong>Plinius</strong></span> <span class='ocrx_word' id='word_1_373' title='bbox 575 4194 620 4246; x_wconf 91' lang='lat' dir='ltr'><strong>lib.</strong></span> <span class='ocrx_word' id='word_1_374' title='bbox 632 4205 703 4250; x_wconf 77' lang='lat' dir='ltr'><strong>aaut.</strong></span> <span class='ocrx_word' id='word_1_375' title='bbox 714 4207 772 4258; x_wconf 89' lang='lat' dir='ltr'><strong>cap.</strong></span> 
     </span>
    </p>
   </div>
   <div class='ocr_carea' id='block_1_7' title="bbox 0 0 1562 4828">
    <p class='ocr_par' dir='ltr' id='par_1_7' title="bbox 0 0 1562 4828">
     <span class='ocr_line' id='line_1_45' title="bbox 0 0 1562 4828; baseline 0 0"><span class='ocrx_word' id='word_1_376' title='bbox 0 0 1562 4828; x_wconf 95' lang='lat' dir='ltr'><strong> </strong></span> 
     </span>
    </p>
   </div>
  </div>
 </body>
</html>
