3084 4836
233 370 319 436 1064
606 379 890 434 susurronis
976 379 979 385 ·
1047 377 1053 386 ·

343 524 474 588 Seuius
490 522 636 586 Nicanor
651 519 762 586 Murci
783 522 924 586 libertus
940 523 1087 605 negabit,

340 626 473 692 Seevius
489 624 706 688 Postumius⁷
729 623 814 686 idern
826 619 857 701 3¹¹
880 629 915 688 et
931 622 1068 685 Morcus
1081 619 1222 685 docebit.
1236 622 1244 660 ¹
1301 611 1304 616 ’

236 719 329 799 Sunt,
345 725 400 806 qui
416 724 560 797 trudent,
577 725 623 786 ob
642 721 835 786 iusumiem⁸
858 720 1027 804 quondum
1053 739 1128 786 eum
1153 723 1188 784 in
1211 721 1328 786 sordis

236 827 324 890 nium
340 827 534 901 secessisse,
550 825 663 906 ibique
678 823 765 886 diem
784 823 944 887 obiisse.¹¹³

279 923 339 1005 [6.]
364 923 511 987 Aurelius
529 921 678 1006 Opilius?
700 923 874 1004 Epicurei⁹
896 921 1068 1004 cujusdam
1083 922 1233 997 libertus,
1246 920 1329 983 Pbi·

235 1025 424 1107 iosopbium
455 1025 572 1106 primo,
601 1022 719 1086 deiude
746 1023 968 1099 Rhetoricum,
993 1025 1174 1086 nouissime
1205 1019 1326 1085 Gram-

236 1124 391 1189 maticum
404 1124 526 1188 docuit.
572 1121 722 1186 Dimisso
744 1133 858 1187 nutem
873 1123 1001 1199 seboin,
1019 1122 1179 1187 Rutilium
1200 1121 1328 1186 Rufum

238 1224 428 1289 damnatum
455 1225 490 1287 io
514 1223 630 1288 Asiam
660 1229 806 1302 secutus,
834 1224 956 1288 ibidem
985 1224 1135 1308 Smyrnse
1160 1222 1327 1304 simulque

238 1327 428 1405 consenuit;
451 1325 704 1408 composuitque
733 1327 833 1390 uarice
859 1326 1054 1391 eruditionis
1079 1326 1206 1409 uliquot
1231 1325 1329 1388 rolu-

237 1426 339 1503 mine,
355 1426 535 1508 exquibus
551 1443 669 1488 novem
684 1425 781 1488 nnius
804 1427 972 1507 corporis:
995 1427 1064 1510 qui,
1080 1428 1161 1508 quia
1171 1435 1198 1466 ¹⁰
1222 1423 1328 1508 scrip·

238 1529 325 1588 tores
352 1545 393 1590 uc
423 1525 543 1608 poites
573 1525 635 1588 sub
664 1524 818 1589 clientela
849 1524 1021 1590 Musarum
1046 1525 1223 1608 judicaret,
1258 1543 1327 1588 uon

241 1625 382 1688 absurde
397 1636 429 1689 et
443 1627 619 1707 scripsisse
634 1630 668 1688 et
683 1624 822 1688 secisse¹
845 1645 881 1689 se
896 1627 945 1689 eit
956 1645 1000 1690 ex
1015 1644 1151 1690 numero
1166 1625 1327 1690 Diuorum

241 1729 273 1788 et
295 1723 542 1808 appellatione?
584 1724 701 1808 Hujus
723 1745 904 1808 cognomen
923 1727 958 1790 in
979 1727 1189 1810 plerisque*
1210 1726 1329 1790 indici-

699 1905 743 1924 uo
746 1905 758 1924 Ι
761 1903 881 1926 mensu

241 2037 361 2086 iudicetur
372 2037 450 2086 etism
462 2037 538 2087 Voss.
557 2037 679 2087 Heri-'t
696 2037 733 2087 Ut
750 2047 834 2088 metro
850 2037 1022 2097 consulerent,
1043 2035 1212 2086 emendarunt
1223 2034 1331 2084 assub.

244 2101 402 2162 Pactumeius,
423 2101 504 2151 tirou.
521 2101 696 2157 Poummuuus,
720 2101 791 2152 Oud.
809 2101 950 2150 Portutessus
972 2103 1012 2150 ret
1043 2099 1228 2149 Postumuieius.
1257 2097 1331 2148 tisri.

243 2165 318 2214 Coit».
334 2165 408 2212 Voss.
427 2164 544 2226 prebent
563 2165 699 2226 eorunm.
717 2165 797 2214 Fons.
814 2166 927 2214 Pontinus
944 2165 1006 2213 idern
1025 2177 1054 2213 oc
1074 2165 1113 2212 Μ.
1148 2163 1179 2212 Iu
1200 2177 1250 2211 uno
1265 2163 1334 2212 Stut.

243 2228 405 2276 Portunusus
417 2228 453 2274 Μ.
464 2229 490 2276 iu
501 2229 582 2277 sitero
593 2228 690 2277 Seruius
699 2234 751 2290 post
761 2228 841 2290 imus,
852 2229 877 2277 in
891 2230 936 2278 uit·
951 2229 1107 2292 Seroiuspost
1120 2227 1165 2276 bic.
1192 2227 1254 2291 lpse
1265 2227 1333 2275 Stut.

243 2305 310 2339 corr.
326 2291 467 2347 Postumius,
482 2297 521 2340 ost
537 2293 599 2341 idrus
617 2293 654 2340 M.
681 2292 776 2354 serug.
791 2293 815 2340 in
836 2306 880 2341 cru
899 2292 963 2342 Cod.
983 2293 1052 2355 conj.
1068 2291 1174 2351 Iibsrtus‚
1193 2290 1288 2352 negotii
1305 2289 1333 2340 S.

244 2354 404 2408 Porthmios,
415 2355 472 2418 quid
483 2356 508 2404 id
517 2361 569 2404 est?
586 2361 611 2404 ot
622 2356 659 2406 M.
670 2357 695 2403 d.
728 2356 759 2404 in
772 2355 855 2419 priore
869 2371 941 2405 versu
954 2357 1053 2406 Schott·
1063 2369 1077 2404 e
1088 2355 1137 2406 Mu.
1149 2355 1212 2418 tegis
1222 2355 1332 2418 mutui,

244 2415 402 2476 srsffsegunte
413 2417 490 2467 Wnti.
524 2420 643 2469 Ceterum
656 2423 738 2482 prout
750 2420 872 2469 exhibent
881 2423 922 2468 sed
935 2421 1001 2470 Edd.
1013 2421 1122 2470 Cusnub.
1132 2425 1161 2469 et
1171 2433 1241 2483 seqq.
1253 2419 1334 2468 etium

236 2482 334 2530 'Busm
344 2494 432 2531 uerum
444 2491 535 2530 contre
547 2482 627 2532 codd.
638 2489 666 2531 et
677 2483 743 2532 Edd.
755 2484 827 2533 Vett.
846 2485 1012 2548 corrigentib.
1031 2482 1099 2532 0nd.
1110 2482 1187 2532 tusis.
1221 2483 1335 2532 ‘Omnes

243 2545 306 2593 idrus
317 2555 435 2595 neutrum
446 2546 600 2596 bubnerunt.
633 2547 688 2610 Ego
700 2548 761 2595 mesu
778 2549 944 2597 muscuiinom
963 2561 1019 2597 esse
1033 2557 1103 2610 puto,
1115 2548 1225 2608 ideoque
1237 2547 1335 2595 moturi

246 2610 490 2671 interpunctionem,
502 2613 548 2660 iroc
560 2624 651 2659 sensns
669 2611 736 2660 Secu.
753 2611 878 2671 Nicanor,
887 2613 930 2676 qni
941 2613 1008 2661 idem
1019 2613 1084 2660 Seru.
1102 2611 1267 2659 Postumius:
1285 2624 1335 2673 qno

245 2673 311 2733 ipso,
320 2674 416 2736 duplici
429 2675 579 2736 cognomine
591 2689 617 2722 se
629 2688 694 2733 esse,
708 2673 821 2726 indicet!
846 2675 1000 2737 Beuum-8
1016 2675 1150 2733 iurantium
1161 2674 1225 2724 Cod.
1243 2674 1336 2723 Sciret.

246 2737 310 2784 Tum
329 2737 407 2800 idipsis
424 2739 512 2787 dicitur
529 2737 565 2786 oi.
582 2739 647 2788 Mus.
661 2737 770 2788 Cusuub.
787 2738 846 2788 dicit
865 2739 902 2790 oi.
919 2740 993 2788 Hert.
1008 2740 1130 2788 Voce-ti
1148 2739 1245 2802 Epicuri
1260 2739 1338 2788 voss.

246 2798 321 2849 Heri.
334 2803 358 2848 in
370 2817 420 2864 quo
433 2810 521 2864 postes
531 2801 641 2864 Ruffum.
674 2801 725 2850 Pro
735 2803 811 2864 primo
827 2802 904 2852 Voss.
914 2804 1067 2865 petrin—lt)
1085 2801 1199 2852 Bronkb.
1211 2801 1279 2864 conj.
1294 2802 1339 2862 ju·

245 2865 412 2920 disterminet
439 2867 612 2929 sumsimus.
630 2864 707 2914 Wolf.
733 2868 841 2930 uoequiu.
878 2865 1338 2930 DeiendumputentrbquiOnd.et

248 2927 313 2976 Ero.
325 2941 373 2976 nec
385 2940 412 2976 re
426 2939 530 2991 rugetur
542 2930 697 2990 Brutum—l
715 2881 802 2987 hsce.
816 2936 841 2979 et
850 2931 932 2993 strips.
950 2930 1024 2980 Hsri.
1037 2932 1111 2978 Voss.
1124 2930 1198 2980 colb.
1208 2929 1255 2978 Ed.
1267 2929 1336 2977 Fior.

248 2991 374 3051 probsute
385 2992 446 3040 Em.
474 2993 564 3043 Potius
574 2990 652 3041 Wott'.
663 2993 766 3042 ridetur
776 2994 905 3056 corrigere
921 2993 1124 3058 inscripsisse-2
1142 2995 1214 3043 Dent
1222 2991 1298 3042 Voss.
1310 3000 1338 3040 et

736 3151 847 3202 NOTAE

267 3259 294 3318 ‚¹
310 3259 404 3309 Sosius
412 3261 550 3312 Postumius
558 3263 631 3328 idem]
642 3264 775 3325 Numquid
815 3265 885 3328 udus,
897 3272 935 3316 ost
950 3267 1011 3318 idern
1021 3267 1120 3318 Morcus
1129 3267 1229 3316 docebit.
1243 3265 1339 3318 Aenus.

249 3334 343 3386 cassu
352 3335 519 3386 Pmtunriouus
530 3338 612 3390 ssent
639 3341 707 3390 Num
717 3342 776 3390 Poe
817 3342 886 3392 Stet.

248 3412 336 3484 tursius
347 3419 386 3461 est
403 3413 510 3474 gentile,
525 3429 606 3479 eoque
618 3417 709 3480 nequit
720 3431 776 3468 esse
847 3425 865 3452 ¹²
883 3418 963 3483 ibinus
983 3420 1044 3470 dieu
1059 3419 1155 3483 obiisse]
1173 3417 1232 3469 Alie
1243 3419 1340 3482 steorte,

250 3500 403 3552 cognomen.
423 3489 565 3540 Gronovius.
815 3494 892 3560 ibique
901 3495 989 3550 dicitur
999 3497 1092 3548 obiisse.
1111 3495 1221 3546 Cernnb.

283 3559 397 3610 ¹Soeuius
416 3563 609 3614 Nicouordioroi
618 3567 717 3618 meus
735 3585 775 3618 us·
848 3571 987 3621 *Amulius
1004 3572 1109 3635 Opilius]
1137 3572 1188 3623 Qut
1201 3569 1341 3622 Curisiout

249 3635 330 3697 gobit',
352 3637 445 3688 Seuius
469 3640 620 3690 Postiusuius
641 3644 711 3692 idem.
741 3645 777 3696 As
816 3643 894 3694 Festo
906 3643 1057 3708 frequenter
1068 3647 1179 3694 citetur.
1195 3645 1275 3694 Visst.

251 3711 461 3776 Morcusdocrbit]
494 3713 778 3778 inret.impr.S‹ruius
847 3726 860 3752 ⁰
877 3720 933 3769 Nou
944 3719 1043 3770 absurdo
1059 3721 1214 3784 cummim
1224 3720 1341 3780 essetne

251 3785 404 3836 Postbusuius
423 3800 451 3834 oc
477 3787 582 3849 Morcus,
602 3788 628 3837 iu
650 3804 776 3842 rnunnscr.
816 3809 841 3843 ss
856 3795 892 3843 nit
911 3810 941 3844 rx
957 3810 1051 3844 numeru
1067 3795 1186 3846 Diuorum
1200 3801 1225 3844 et
1241 3797 1342 3858 sprpsito

253 3862 343 3926 uitero,
360 3861 458 3911 Seruius
472 3867 525 3926 post
543 3863 624 3926 bidus:
641 3865 666 3912 iu
685 3868 777 3930 uitem,
816 3871 893 3935 tiore]
912 3872 979 3920 Mire
995 3872 1109 3921 breviter
1120 3872 1262 3920 sermonis=
1280 3884 1339 3919 nem

252 3936 351 3986 Sunius
367 3942 417 3999 post
433 3935 480 3987 stc.
514 3939 570 4004 Ego
588 3955 648 3990 vero
665 3956 777 3992 versure
816 3945 864 3995 boc
876 3947 1023 4011 ruitsqnod
1034 3947 1161 4008 integrum
1171 3961 1236 4008 opus
1247 3948 1273 3996 in
1283 3961 1341 4010 pure

252 4012 338 4061 Sotira
354 4013 491 4064 Nicunoris
507 4016 554 4066 bos
570 4031 627 4066 esse
645 4019 777 4083 putabam,
819 4030 857 4072 tes
879 4037 969 4072 nouem
992 4023 1134 4082 tribuisset,
1160 4023 1280 4086 qnodque
1304 4023 1342 4072 itti

254 4085 664 4148 ituqueconstitnebumrdcoius
675 4093 778 4142 Nicanor
817 4111 909 4146 nomeu
932 4099 1063 4153 Mussrurn
1090 4097 1263 4159 imposuisset,
1290 4111 1341 4147 nou

255 4159 335 4210 Murci
345 4163 452 4226 tibertus,
466 4169 563 4228 negans
582 4168 674 4218 Seuius
691 4171 778 4223 Postu·
818 4173 927 4225 sissnrde
945 4171 1038 4228 iecisse
1054 4187 1081 4222 sc
1093 4187 1126 4226 eu
1138 4187 1244 4225 numero
1262 4173 1341 4230 iiius·
