3114 4828
252 353 318 418 708
681 363 711 409 o.
735 359 913 408 suurouu

253 509 390 585 libertis,
413 513 489 570 ac'0
509 503 725 570 laudantibus
752 498 1084 585 cognitionemque
1110 497 1215 584 pridie
1237 513 1343 580 quan·

255 613 330 686 dam
355 607 507 672 adulterii
530 625 621 670 ream
645 603 933 680 condemnaverat,
956 601 1044 666 ‘sibi
1066 618 1201 682 quoque
1216 599 1250 662 in
1265 599 1343 662 fatis

255 708 349 788 esse}
357 709 512 792 jactavit,
536 711 546 742 ‘
560 707 672 771 omnia
692 706 874 789 impudica,
894 703 953 768 sed
968 723 1036 767 nou
1050 702 1217 785 impunita
1232 700 1345 763 matri·

254 810 390 877 monia?
433 812 478 874 Et
492 808 634 873 subinde
646 808 781 871 obvium
796 807 860 871 sibi
876 805 1099 869 Britannicum
1115 803 1239 866 arctius
1254 820 1344 866 com·

255 915 388 997 plexus,
400 913 554 976 hortatus
569 917 633 986 est,
654 913 712 973 ‘ot
727 915 901 985 cresceret,
916 908 1174 988 rationemquea
1191 923 1229 966 se
1243 907 1346 966 ornoi·

257 1034 313 1079 um
335 1014 495 1078 factorum
519 1007 724 1094 acciperet3’
749 1009 871 1074 Graeca
891 1010 1022 1092 insuper
1035 1025 1119 1070 voce
1136 1010 1344 1088 prosecutus,

256 1113 395 1202 ὀτςῶαας
409 1113 457 1176 rai
474 1111 633 1175 laenam
677 1110 830 1192 Cumque
849 1109 998 1192 impubi²
1026 1116 1206 1188 teneroque
1221 1104 1345 1182 adhuc,

255 1213 412 1300 quando*
433 1221 564 1280 statura
578 1213 788 1296 permitteret,
805 1218 913 1292 togam
927 1210 1006 1273 dere
1021 1209 1233 1284 destinasset,
1253 1205 1346 1288 adje-

256 1319 321 1382 citt
343 1322 404 1381 ‘ut
425 1315 558 1380 tandem
581 1314 726 1397 populus
752 1313 928 1376 Romanus
951 1329 1063 1374 rerum
1084 1305 1269 1373 easmem⁵
1285 1307 1345 1369 lra-

255 1415 358 1482 beat?
399 1417 481 1499 [dd]
506 1416 582 1480 Non
596 1414 766 1497 multoque
781 1421 880 1496 post³
898 1416 1133 1476 testamentum
1148 1409 1250 1474 etiam
1264 1426 1346 1471 con·

256 1518 402 1600 scripsit,
411 1537 452 1586 ac
466 1516 568 1598 signis
582 1515 729 1578 omnium
742 1516 994 1594 magistratuum
1005 1507 1221 1591 obsignarit.lt
1245 1508 1345 1573 Prius

256 1617 365 1699 igitur,
390 1636 490 1701 quarn
515 1617 600 1680 rdtra
619 1613 879 1698 progrederetur,
898 1621 1089 1697 praeventus
1104 1615 1155 1674 cst
1169 1612 1211 1675 ab
1226 1608 1346 1694 Agrip-

256 1720 349 1803 pina,
372 1737 472 1801 quam
503 1723 622 1800 praeter
645 1716 717 1779 haec
742 1715 973 1780 conscientia⁴
995 1732 1139 1798 quoque,
1159 1731 1221 1777 nec
1235 1711 1346 1776 minus

257 2043 326 2106 conj.
342 2041 402 2091 Urs.
413 2041 474 2090 diei.
484 2041 629 2090 stum-iti
646 2041 725 2090 Forte.
736 2045 760 2088 et
770 2041 833 2088 laud.
865 2040 929 2088 'l'om
939 2042 1103 2089 condemnarat
1114 2037 1196 2087 edidit
1207 2038 1277 2088 Oud.
1288 2051 1347 2089 cum

255 2104 353 2155 Medic.
365 2115 397 2154 tr.
406 2105 470 2165 Cop.
480 2105 640 2152 commeavit
652 2104 737 2154 Poris.
750 2102 817 2152 Edd.
829 2104 903 2153 Vett.
915 2113 1011 2167 praeter
1022 2104 1082 2151 Bas.
1094 2103 1194 2166 Gryplr.
1205 2111 1232 2151 et
1243 2118 1347 2166 seqq.-

258 2175 271 2218 i
292 2170 350 2218 Hoc
361 2172 436 2216 modo
448 2182 462 2215 e
476 2167 589 2228 vestigiis
604 2168 642 2216 sui
659 2168 723 2216 cod.
741 2168 854 2215 restitnit
872 2169 947 2216 Pctr.
957 2168 1101 2227 Victorius,
1112 2169 1172 2216 Ver.
1183 2167 1256 2216 Lect.
1267 2179 1347 2215 xxiv.

259 2237 298 2282 14.
316 2232 485 2294 probantibus
496 2230 571 2280 Torr.
588 2231 698 2280 &snub-
709 2230 786 2280 Grot.
800 2231 890 2280 Grae.
903 2233 963 2280 Ern.
975 2231 1008 2280 al.
1018 2230 1131 2280 Turneb.
1164 2231 1279 2280 Firnraot
1291 2231 1348 2280 Pul.

258 2305 367 2359 uterque
380 2295 457 2344 Viod.
472 2295 542 2344 cort.
560 2295 601 2343 clii
621 2309 663 2349 ne,
677 2294 808 2356 inquibus
820 2309 851 2342 es
864 2295 1079 2356 interpretatione
1089 2298 1166 2342 rectos
1176 2295 1254 2353 sorite
1264 2301 1310 2342 snt
1319 2308 1349 2342 en

257 2357 424 2418 recreassent.
455 2358 568 2406 Turneb.
580 2310 694 2421 anagasti
712 2359 725 2404 d
738 2358 829 2420 τρόαας
839 2357 953 2418 τείσεται,
968 2360 1007 2407 nti
1023 2358 1312 2407 nanturiacensem.
1324 2363 1348 2408 i.

258 2428 282 2474 8.
303 2424 373 2473 Pith.
391 2423 451 2472 Liri.
468 2437 525 2471 cunt
544 2422 611 2477 litut.
629 2422 686 2485 an.
703 2423 778 2470 Voss.
798 2423 893 2470 Medic.
909 2426 934 2471 2.
951 2423 999 2470 nisi
1011 2421 1079 2486 quod
1096 2423 1121 2470 in
1134 2422 1172 2470 hir
1185 2423 1217 2470 sit
1228 2419 1349 2470 τεῐταται.

257 2488 344 2549 Vulgo
361 2489 385 2534 in
399 2486 499 2534 Viterb.
513 2484 588 2534 linis.
604 2485 660 2534 Pul.
671 2490 697 2534 2.
716 2484 783 2534 Edd.
796 2485 871 2533 Rom.
883 2490 933 2534 dte.
953 2487 1088 2549 legebatur
1100 2486 1113 2532 d
1123 2483 1178 2546 iper
1189 2486 1209 2532 δ’
1219 2484 1349 2545 ἐπείγεται,

259 2547 559 2613 cressementum
575 2547 601 2597 dl
617 2548 745 2610 ἐπείγεται.
778 2549 809 2597 Iu
822 2549 888 2598 Edd.
898 2549 971 2598 Med.
982 2565 1019 2610 pr.
1030 2548 1103 2598 Cald.
1117 2547 1184 2610 dptcs
1193 2547 1268 2605 ster,
1281 2551 1348 2596 unde

258 2615 318 2665 Sab-
329 2621 356 2663 et
367 2613 487 2662 Beroald.
500 2611 569 2676 ὀρθῶς
579 2615 675 2661 ποιεῖτε.
693 2610 775 2672 Lupd.
785 2613 855 2673 apocr
865 2615 947 2670 τιτῖτε,
965 2612 1024 2663 Ald.
1036 2613 1096 2662 sen.
1108 2613 1209 2675 Grynia
1222 2613 1277 2661 Coi.
1289 2614 1348 2661 Doi.

258 2677 331 2741 dipos
342 2679 361 2726 δ’
372 2675 498 2737 ἐπείγεται.
531 2679 580 2726 niti
594 2678 669 2725 nliter
682 2677 767 2738 paulo.
799 2677 880 2726 oron.
894 2677 964 2738 roni.
975 2685 1002 2726 et
1014 2678 1095 2726 edidit
1106 2676 1220 2739 drpdrar
1230 2676 1348 2725 aava.

258 2743 350 2793 Heius.
361 2751 427 2792 teste
439 2741 567 2802 Pontano,
579 2741 690 2789 tentavit
701 2741 714 2786 d
724 2738 804 2802 Νέρων
814 2741 833 2788 δ’
845 2740 972 2801 ἐπείγεται.
990 2742 1059 2790 (iud.
1071 2743 1276 2791 emendationem
1290 2757 1348 2804 pro·

258 2807 304 2856 bst
313 2807 413 2856 Victor.
422 2803 468 2853 sed
478 2805 548 2854 delet
559 2806 676 2866 copulem
685 2803 780 2852 oni-2
790 2805 899 2866 ispaieri
910 2805 975 2854 Edd.
986 2805 1060 2854 Rom.
1071 2804 1176 2867 inputet
1186 2806 1264 2854 Fouc.
1282 2805 1348 2852 Dein

257 2877 281 2920 et
292 2875 343 2932 tog.
359 2869 436 2918 vind.
453 2871 525 2918 1.-³
544 2869 599 2916 Non
610 2871 682 2917 multo
691 2873 744 2930 port
755 2875 863 2932 uterque
875 2869 959 2918 Pulm.
969 2869 1044 2918 Huls.
1057 2868 1133 2917 vind.
1146 2874 1167 2917 i.
1182 2883 1228 2916 aon
1239 2871 1348 2918 multum-

258 2948 302 2998 que
314 2933 390 2982 Fene.
423 2933 522 2982 Suadet
533 2932 607 2980 Milli.
617 2947 662 2981 son
672 2932 744 2980 modio
755 2933 843 2994 itaque.
878 2933 960 2983 Deest
973 2934 1038 2981 ultro
1052 2931 1129 2981 vind.
1146 2936 1217 2980 1.-4
1235 2931 1277 2981 Sic
1287 2947 1348 2995 qne·

261 3005 319 3048 tuor
330 2996 392 3046 libb.
401 2995 474 3046 'l'orn
486 3010 544 3045 cum
557 2995 662 3046 usam.
672 2995 770 3045 Medic.
782 2996 841 3059 an.
852 2996 927 3052 Voss.
946 2996 1030 3045 Pnim.
1041 2995 1151 3046 carcub.
1164 2996 1222 3046 Urs.
1231 3005 1258 3044 et
1270 2995 1347 3046 Grut.

290 3265 300 3302 ¹
316 3265 489 3329 corruerem]
505 3267 587 3331 Supra
598 3265 630 3316 ad
642 3280 700 3330 esp.
710 3271 750 3317 1⁵.
822 3269 891 3333 qnod
911 3271 1046 3320 Turnebus
1067 3271 1113 3321 lib.
1138 3283 1212 3321 xxu.
1235 3283 1295 3333 esp·
1307 3274 1349 3320 st.

291 3343 343 3392 t'o
351 3341 584 3406 ewardum
590 3343 615 3406 [d
625 3340 782 3406 tparanet-
807 3345 942 3408 ’ὃτρόαας
958 3346 1075 3408 τείσεται,
1086 3347 1127 3410 qni
1138 3347 1199 3396 lacit
1214 3360 1293 3409 patras
1306 3347 1348 3394 dn-

259 3417 340 3480 γιται]
370 3418 428 3467 Hoc
446 3427 495 3474 est,
520 3433 586 3467 ααιοτ
606 3419 713 3482 ὶαψιῐὶϋ.
739 3421 783 3470 Sic
822 3419 870 3471 itt.

259 3494 346 3556 plnres
357 3493 576 3543 nrbrutcndicss:
594 3495 636 3542 siti
648 3500 733 3545 tsnren
745 3494 783 3558 lp-
854 3492 866 3527 ⁵
883 3495 995 3558 Qumis]
1013 3495 1070 3544 Hoc
1087 3501 1135 3549 est,
1151 3493 1287 3556 siquidem,
1304 3509 1350 3544 no·

260 3569 305 3616 ter
315 3569 411 3628 ποιεῖτε,
421 3567 566 3627 benefacis.
588 3569 684 3618 Petrus
695 3571 784 3620 Victo·
823 3577 862 3618 tut
882 3571 979 3634 quippe
996 3569 1154 3632 xiphilinus,
1172 3569 1349 3620 Britsnnicmn

260 3642 341 3692 riuti.
355 3653 434 3691 xxiv.
446 3643 581 3694 Variarunr
594 3645 743 3695 Lectionum
761 3660 785 3696 c.
823 3651 924 3693 statura
943 3645 1065 3707 majorem
1083 3643 1172 3707 fuisse,
1186 3659 1261 3707 quum
1273 3646 1349 3708 volgo

262 3723 302 3768 tt.
312 3732 345 3767 ex
357 3718 451 3766 rettrsti
462 3718 558 3768 codicis
574 3721 688 3784 vestigiis
700 3721 787 3782 legito
824 3719 904 3769 ferret
915 3719 970 3782 ejus
981 3727 1054 3768 atas.

260 3793 351 3857 τρέσας
360 3792 400 3843 nal
414 3793 515 3858 licerer,
524 3796 565 3858 qni
576 3797 637 3845 lesit
648 3802 672 3845 rt
682 3797 784 3860 uniit,
857 3795 864 3829 ¹
883 3796 967 3846 Veron
980 3794 1111 3858 Cameren}
1127 3795 1185 3846 Non
1197 3809 1258 3845 vero
1269 3796 1347 3860 odop-

259 3871 474 3936 proverbio,quod
479 3885 511 3920 ex
517 3872 613 3922 oraculi
620 3874 785 3936 responsione
826 3870 915 3926 tirum,
924 3879 953 3919 ot
962 3881 1038 3920 notes
1046 3871 1180 3932 habuerat,
1190 3879 1218 3920 et
1229 3871 1349 3921 habiturn

260 3944 357 3996 lectum
368 3955 420 4010 est,
430 3961 487 3996 cnm
499 3947 627 4012 Telephus
638 3947 671 3998 sb
683 3947 784 3997 debilis
824 3953 891 4008 eret,
901 3947 922 3996 si
935 3948 1007 3996 Nero
1018 3960 1103 3996 rerum
1117 3945 1252 4009 potiretur.

261 4023 418 4080 vulnerator,
439 4022 503 4071 iliud
525 4023 584 4072 olim
607 4025 784 4073 consuluisset.
856 4021 867 4055 '⁸
890 4021 1046 4084 Oisigmit]
1073 4021 1113 4070 De
1136 4027 1347 4070 testamentorum

260 4092 319 4142 Hoc
331 4103 402 4144 certe
421 4095 453 4145 de
470 4097 586 4160 principe
601 4098 627 4146 in
638 4097 783 4147 Homericis
823 4097 904 4158 signis
921 4112 997 4161 supra
1011 4099 1036 4146 in
1054 4095 1173 4160 Augusto
1188 4097 1221 4146 nd
1238 4111 1296 4160 cap.
1308 4100 1348 4146 ³³.

260 4169 433 4218 versatissimo
455 4170 613 4234 prebebilius
634 4180 684 4234 est,
706 4185 784 4236 quent
823 4175 871 4223 &a
890 4171 996 4224 Nonsd
1008 4175 1101 4236 cupi.
