3104 4830
666 331 788 382 rmus.
1206 303 1272 386 945

181 478 270 555 culo,
285 478 364 540 dum
380 477 420 540 de
434 471 644 559 navigatione
665 474 823 550 consulit,
839 469 938 539 eti'am
960 477 1001 548 de
1016 477 1147 560 imperii
1157 482 1174 523 ⁴
1186 487 1271 562 ape⁶

180 577 396 642 confirmatus
419 585 495 641 esto
540 575 647 659 Cujus
669 578 761 642 brevi
784 596 938 660 compos,
955 584 990 642 et
1009 577 1052 642 ed
1075 578 1271 668 perdoman-

181 677 258 742 dem
269 679 291 742 J
295 678 420 742 udaeanr
436 685 447 724 ⁵
463 679 611 754 relictus,
626 678 809 741 novissima
824 678 1129 762 Hierosolymorum
1142 697 1271 762 oppug-

179 779 326 854 natione,
348 795 422 840 xrr.
449 783 708 860 propugnatores
736 777 879 842 totidem
908 778 1098 859 sagittarum
1125 780 1272 844 confecit

180 879 325 943 ictibus:
349 880 507 962 cepitque
533 875 632 940 eam⁶
654 877 757 940 natali
780 875 886 943 iiliaed
912 897 993 955 eum,
1017 886 1108 944 tanto
1130 881 1270 944 militum
1353 957 1358 974 Ι

180 978 301 1060 gaudio
314 999 354 1043 ac
369 977 497 1055 favore,
513 984 548 1041 ut
560 979 593 1040 in
605 977 824 1058 gratulatione
837 977 1095 1061 Imperatorem‘
1109 999 1183 1044 eum
1193 999 1273 1044 oon-

181 1079 410 1152 salutaverint‚
425 1085 460 1142 ot
473 1077 614 1142 subinde
631 1078 846 1143 decedentem
867 1080 1039 1160 provincie
1061 1079 1272 1158 detinuerint,

181 1178 393 1261 suppliciter,
408 1198 533 1242 necnon
556 1184 589 1242 et
611 1179 786 1244 minaciter
800 1177 1029 1261 efflagitantes,
1046 1185 1146 1244 ‘aut⁷
1166 1201 1273 1246 rema-

180 1288 285 1354 neret,
311 1287 369 1342 aut
391 1298 501 1342 secum
528 1298 645 1342 ornnes
673 1280 798 1361 pariter
827 1281 1028 1346 abducerer!
1071 1281 1168 1346 Unde
1196 1285 1274 1346 natu

181 1381 333 1461 auspicio
358 1387 426 1456 est,
443 1382 542 1462 quasi
565 1380 779 1452 desciscere8
803 1400 824 1445 a
846 1385 952 1462 patre,
979 1381 1188 1464 Orientisque
1202 1401 1273 1464 reg-

181 1499 259 1544 num
287 1481 352 1544 sibi
378 1481 546 1544 vindicare
566 1485 739 1546 memoret.
784 1480 893 1558 Quam
916 1483 1144 1563 suspicionem
1166 1483 1273 1560 auxit,

182 1585 357 1662 postquam
373 1579 610 1646 Alexandriam
625 1589 757 1664 petens,
773 1583 804 1645 in
819 1581 1046 1646 consecrando
1060 1581 1148 1664 apnd
1166 1583 1274 1647 Mem·

183 1681 274 1761 pbim
305 1681 390 1746 bove
416 1679 507 1764 Api⁹
537 1682 694 1748 diadema
719 1684 881 1765 gestavit:
916 1682 958 1745 de
984 1702 1072 1747 more
1101 1682 1273 1767 quidem¹⁰

184 1991 233 2042 Ed.
246 1993 337 2054 Cemp·
349 2005 407 2055 qna
418 1999 444 2040 et
455 1995 569 2042 consulent
581 2007 639 2042 conr
657 1993 762 2058 reliquia
772 1993 838 2044 Edd.
848 2008 909 2042 rec.
921 2006 969 2043 xv.
986 1995 1053 2044 Bon.
1062 1998 1112 2044 dre.
1127 1993 1187 2043 item
1198 1991 1277 2043 vind.

185 2061 208 2103 l.
228 2056 311 2104 Perit.
324 2053 440 2104 Heriem.
451 2056 536 2107 Pulm.
549 2063 717 2120 uterque-d
734 2059 822 2106 llnrnr.
835 2064 893 2119 poet
906 2059 968 2119 Imp.
979 2057 1104 2108 ercldiue
1116 2065 1190 2118 putet
1197 2059 1275 2120 patrie

184 2119 225 2195 rel
236 2120 337 2180 paterni.
370 2119 433 2168 Tum
443 2121 506 2169 Ern.
518 2121 587 2183 conj.
599 2121 727 2198 rcribend.
738 2119 804 2196 cujus
815 2121 879 2169 beeri
890 2121 1075 2182 mmporsnctm.
1109 2120 1160 2170 Sed
1167 2123 1198 2170 nd
1206 2121 1275 2184 perd.

185 2181 1277 2310 tituil-idomenus:tt'tttii'dlbltiltturtttrtttt:

189 2308 249 2357 l'll.
266 2309 402 2358 ediderunt
415 2311 525 2358 Craanb.
537 2311 625 2360 θην.
637 2311 719 2360 (iren.
731 2311 800 2361 Ond.
812 2320 839 2360 et
854 2325 927 2374 eeqq.
939 2311 1096 2360 unctoritate
1113 2311 1177 2360 blm.
1190 2311 1275 2360 Pulm.

185 2372 285 2420 viterb.
296 2373 401 2425 Memor·
409 2374 505 2422 Medic.
515 2375 595 2424 Polit.
603 2373 680 2423 Viud.
690 2375 761 2424 Cort.
772 2375 870 2437 Obaop.
879 2374 937 2436 Cuj.
946 2375 982 2422 Co
1004 2408 1011 2421 .
1023 2375 1107 2424 Perta
1118 2375 1187 2422 Dan.
1197 2375 1274 2424 Fouc.

186 2434 319 2484 Eddraec.
333 2443 413 2485 ruet
423 2437 540 2485 Bon-ti
558 2439 596 2486 En
609 2438 713 2486 Mearm.
726 2445 752 2486 et
764 2439 889 2487 itaeoiuit
901 2436 962 2500 onj.
1010 2452 1042 2486 ox
1054 2452 1106 2486 eren
1115 2437 1188 2487 deest
1202 2437 1276 2485 Harl.

183 2498 216 2547 In
229 2497 306 2548 Vind.
319 2504 342 2548 1.
354 2502 567 2554 eonmlutnnrrrrrrt
579 2502 656 2549 Fonc.
678 2502 811 2561 decedente,
822 2501 920 2550 Medic.
936 2507 960 2548 l.
971 2505 994 2548 8.
1011 2502 1169 2551 detinuerunt.
1192 2501 1275 2549 ilicet

185 2562 292 2623 cubiade,
305 2565 345 2624 ise.
363 2565 437 2611 delia.
454 2563 548 2612 derunt
558 2565 719 2612 vinde—r
737 2565 778 2613 lta
793 2565 898 2612 Merum.
909 2562 993 2611 Palm.
1011 2564 1106 2612 Medio.
1119 2567 1144 2612 2·
1154 2567 1178 2612 8.
1196 2565 1275 2612 Polit.

185 2625 263 2674 vind.
273 2627 345 2674 Cort.
353 2627 438 2674 Perta.
449 2629 528 2676 Fouc.
541 2626 614 2675 Vota.
625 2627 728 2688 eliiqne,
736 2636 763 2676 et
774 2625 841 2675 lidd.
850 2635 910 2676 unte
918 2626 978 2676 θεὴ.
987 2627 1087 2690 Grypir.
1099 2623 1276 2688 ratirrgantib.

186 2688 278 2738 Grrev.
291 2691 379 2737 Burin.
391 2689 461 2738 Oud.
473 2697 500 2736 et
518 2696 628 2738 recenti.
639 2689 718 2751 vulg.
731 2695 757 2737 at
774 2704 864 2738 remen.
889 2689 974 2752 Supra
985 2704 1073 2739 aemon
1083 2689 1168 2738 minuc.
1184 2689 1276 2737 ornirro

186 2757 210 2800 et
222 2751 303 2799 vind.
315 2757 337 2802 t.
354 2752 418 2800 Mox
429 2754 551 2800 adduceret
564 2751 642 2800 Vind.
657 2757 680 2800 l.
690 2753 778 2801 Periz.
789 2751 857 2801 lidd.
869 2767 929 2801 eree.
942 2766 989 2802 xe.
1002 2753 1117 2801 Bou-8
1130 2751 1205 2802 lianc
1215 2753 1277 2802 leet.

187 2823 318 2864 testantur
330 2815 435 2864 Mernm.
448 2817 527 2864 Petit.
539 2815 616 2864 vind.
628 2816 706 2866 Fonc.
719 2816 788 2865 Duo.
801 2817 874 2864 Cort.
893 2815 976 2864 Nono.
990 2817 1055 2878 Cep.
1068 2815 1152 2866 Perit.
1165 2823 1193 2866 et
1210 2815 1278 2864 Edd.

188 2880 222 2928 0.
233 2885 293 2928 ante
304 2878 365 2926 Seb.
374 2879 473 2942 Gryph.
494 2877 535 2928 ΑΙ.
545 2879 692 2939 descisceret,
702 2880 769 2943 quod
780 2886 884 2928 servant
897 2879 978 2929 Gran.
986 2879 1095 2928 creant).
1106 2888 1133 2928 et
1145 2892 1277 2944 requacer.

188 2943 242 2991 Sibi
253 2955 353 3000 regrum
366 2943 443 2990 Polir.
455 2940 552 2990 Medic.
563 2946 587 2992 a.
606 2943 735 2992 Fauo-9
751 2943 829 3005 Apide
842 2943 919 2992 Petit.
931 2945 1028 2993 Medic.
1045 2947 1068 2991 8.
1081 2942 1145 2992 cod.
1160 2944 1276 2992 Turneb.

188 3014 215 3052 er
229 3005 296 3054 Edd.
309 3007 369 3054 Bae.
382 3005 482 3068 Grypb.
500 3007 586 3055 Plant.
602 3006 712 3055 Carrub.
724 3007 821 3056 Scirild.
834 3007 924 3056 Pitirr.
944 3006 1069 3069 probante
1081 3005 1163 3055 Gron.
1190 3005 1278 3068 Apidir

188 3069 265 3116 Vind.
284 3073 310 3117 8.
322 3069 459 3118 Corn-10
476 3069 518 3117 lta
529 3069 701 3119 exbibuerunt
714 3069 894 3122 stertentium.
905 3071 985 3121 Grou.
997 3071 1085 3118 Burin.
1094 3068 1164 3119 Oud.
1179 3072 1228 3116 dre.
1240 3069 1278 3116 uri

189 3131 253 3180 dent
266 3133 371 3181 Merum.
382 3132 479 3181 Medic.
491 3137 515 3180 8.
532 3133 613 3182 Polit.
631 3133 711 3181 Vind.
723 3137 747 3182 2.
759 3135 826 3196 Cep.
849 3135 875 3182 id
893 3135 986 3196 quidem
1004 3133 1113 3182 Caeanb.
1133 3132 1231 3182 Schild.
1254 3131 1277 3182 ir

189 3196 283 3257 quidem
293 3197 453 3260 Stepb.Bee.
467 3203 533 3260 poet.
561 3197 611 3246 Arri
622 3197 744 3260 siquiden.
774 3197 804 3248 ln
817 3197 882 3260 Cep.
891 3197 987 3246 Medic.
998 3201 1021 3244 1.
1038 3197 1116 3259 prisco
1127 3198 1221 3258 rituque
1232 3195 1277 3244 rel.

684 3357 789 3408 Nom

191 3467 368 3530 huncquoque
385 3465 470 3517 efferi.
505 3469 588 3518 Fuere
610 3469 653 3532 qul
673 3482 715 3516 rc·
786 3466 901 3516 *Natali
919 3465 996 3531 fllia]
1019 3466 1069 3517 Oui
1097 3463 1147 3515 tuit
1173 3468 1279 3514 octarne

191 3557 295 3610 eenrorn
305 3543 434 3593 deriderio
450 3544 606 3595 ‘Berenicen
617 3547 714 3607 regine
755 3541 924 3606 Septembrir,
935 3541 1077 3605 utJorepb.
1089 3541 1133 3591 lib.
1147 3553 1186 3590 vr.
1202 3554 1225 3590 e.
1235 3543 1278 3589 m.

193 3619 300 3668 rertlree
318 3619 369 3668 iter
386 3611 542 3668 crederent!
582 3619 651 3668 Plio.
671 3618 716 3668 tib.
753 3615 917 3681 iniproflne.

194 3705 220 3741 v.
231 3707 254 3741 e.
264 3695 305 3740 21.
316 3692 349 3742 de
359 3692 441 3742 innata
453 3691 541 3756 Cypro
552 3692 658 3757 loquens
669 3693 716 3741 ait.
788 3699 800 3726 ⁸
815 3691 993 3755 Imperatorem]
1012 3691 1070 3740 Non
1082 3688 1183 3755 quidem
1197 3688 1278 3753 petria

194 3769 300 3832 Oppida
321 3770 346 3816 in
367 3781 399 3817 ea
416 3767 570 3832 quindecim.
594 3768 662 3818 Vide
684 3767 717 3817 de
756 3767 849 3828 leretur,
873 3766 962 3816 eodem
989 3764 1090 3814 ecilieet
1114 3764 1199 3821 modo,
1227 3777 1279 3826 quo

193 3844 240 3892 boc
252 3844 355 3892 oraculo
365 3844 451 3893 Tacit.
464 3856 495 3892 rr.
509 3843 606 3892 lllrtor.
737 3899 740 3904 ¹
758 3843 882 3906 cesarea,
892 3844 937 3893 aed
943 3843 1020 3906 juxta
1032 3846 1144 3888 vetarem
1157 3837 1279 3902 Reipubl.

227 3919 293 3967 *De
312 3917 406 3980 imperii
426 3918 479 3981 epe]
505 3918 590 3968 Tacit.
612 3915 718 3980 ibidem,
758 3915 1018 3976 conauetudinem,de
1035 3913 1281 3977 quatridiani.

195 3994 245 4042 ‘de
264 3994 426 4055 navigatione
445 3993 553 4057 primum
573 3991 718 4055 consului&
757 3993 800 4042 Sic
815 3991 882 4041 enirn
899 4005 927 4040 re
943 3991 1008 4040 bene
1020 3995 1103 4052 gertr,
1114 3988 1192 4038 dacer
1204 4002 1278 4038 exer·

195 4071 244 4117 dec.
758 4069 854 4117 citunm
863 4066 1031 4131 imperatorer
1042 4062 1104 4114 dicti
1116 4069 1183 4113 runt.

229 4142 289 4196 td.
301 4143 335 4192 U.
345 4143 376 4191 C.
388 4147 444 4192 821.
1046 4137 1052 4150 ²

261 4221 349 4285 Detplt.
358 4227 383 4272 et
392 4222 449 4273 Ver.
462 4225 527 4274 Cirr.
699 4223 795 4273 &edon
1157 4221 1173 4266 8
1190 4217 1214 4267 0
