3114 4828
233 365 298 431 726
660 385 692 432 c.
715 383 894 433 sunrourr

234 523 392 592 militibus
414 524 448 588 in
474 521 609 588 Curiam
624 525 757 589 delatus
772 533 837 602 est,
861 524 1083 608 discessitque
1093 525 1164 609 jam
1182 525 1324 608 vespam·
1423 521 1426 526 ’

236 645 281 690 ex
295 625 475 702 immensis,
491 625 613 708 quibus
629 626 867 702 cumulabatur,
891 627 1084 703 bonoribus,
1108 635 1236 692 tautum
1262 640 1324 690 rr-

237 739 325 788 unrs
350 741 496 788 rr'rurru
515 727 645 789 nomine
660 731 823 801 recusato,
838 731 971 808 propter
986 732 1132 791 aetatem.
1177 726 1237 808 [9.]
1260 726 1325 791 Or·

238 847 296 890 sus
309 827 409 890 hinc⁹
422 845 443 888 a
457 825 596 908 pietatis
614 827 847 902 ostentatione,
864 825 1052 904 claudium,
1067 829 1324 910 apparatissimo

236 928 348 992 sunere
361 927 496 1002 elatum,
510 925 661 991 laudavit
673 925 973 1010 consecravitque.‘¹
1000 929 1191 994 'Memoriae
1208 929 1326 993 Domi-

237 1030 275 1092 tii
290 1029 393 1110 patria
405 1028 548 1092 bonores
563 1030 731 1092 maximos
746 1028 870 1092 babuit.
893 1029 994 1094 Matri
1004 1049 1167 1094 summam
1179 1031 1325 1093 omnium

236 1149 343 1193 rerum
358 1129 564 1212 publicarum
578 1133 602 1164 '⁰
625 1131 894 1214 privatarumque
907 1132 1066 1213 permisit.
1102 1131 1214 1195 Primo
1224 1131 1325 1194 etiam

238 1231 370 1312 imperii
399 1230 453 1294 die
477 1232 606 1312 signum
636 1232 818 1296 excubanti
843 1231 990 1298 Tribuno
1012 1232 1104 1298 dedit
1132 1231 1326 1314 ‘Optimam

238 1336 375 1395 matrem
386 1331 405 1396 :’
426 1352 467 1396 ac
482 1333 642 1417 deinceps
658 1332 809 1415 ejusdem
833 1353 926 1416 saepe
950 1335 1070 1399 lectica
1084 1355 1144 1418 per
1155 1333 1325 1417 publicum

237 1432 336 1495 simul
349 1439 467 1497 vectus
482 1439 543 1497 est.
578 1434 711 1499 Antium
728 1434 893 1499 colonium
909 1435 1060 1513 deduxit,
1076 1437 1251 1517 ascriptis¹
1269 1453 1326 1496 ve-

237 1533 359 1596 teranis
373 1553 392 1597 e
405 1501 585 1617 fitorio:
601 1533 789 1618 additisque
805 1555 865 1618 per
881 1535 1043 1600 domicilii
1058 1529 1328 1599 translationem‘

239 1632 411 1697 ditissimis
426 1635 678 1719 primipilarium
691 1645 714 1699 :⁸
737 1636 794 1698 ubi
810 1641 986 1719 otpertum
1002 1637 1112 1719 operis
1132 1637 1326 1700 sumtuosis-

240 1735 315 1798 simi
330 1735 417 1801 t'ecit.
461 1733 542 1818 [tu]
563 1734 688 1820 Atque,
715 1743 753 1800 ut
771 1737 968 1800 certiorem²
990 1737 1100 1800 adbuc
1114 1736 1256 1800 indolem
1271 1755 1326 1801 os·

238 1835 401 1915 tenderet,
418 1841 481 1902 ‘ex
496 1835 642 1920 Augusti
657 1835 879 1922 praescriptoh
903 1837 1141 1920 imperaturum
1166 1835 1225 1915 se,’
1247 1857 1324 1922 pro-

688 2029 871 2052 mmm

237 2162 309 2226 pala,
319 2162 364 2212 ned
376 2168 428 2212 tum
438 2168 473 2212 ert
484 2163 562 2212 atium
573 2165 676 2214 dolend.
692 2163 769 2227 toret,
780 2165 848 2230 quod
860 2164 947 2214 mallet
961 2163 1099 2214 Burm-tt
1115 2162 1165 2212 Hir
1178 2161 1243 2210 Edd.
1256 2161 1328 2210 bled.

238 2240 291 2275 rec.
304 2227 368 2275 Van.
378 2231 403 2276 2.
420 2232 444 2276 8.
463 2229 592 2278 cetrarium
603 2229 669 2278 Edd.
681 2230 754 2278 itum.
775 2229 827 2278 Pro
836 2231 922 2278 elotum
933 2229 1145 2292 praetereamus
1158 2227 1225 2274 Dua.
1237 2226 1263 2274 in
1276 2241 1327 2289 quo

237 2292 381 2339 ommate
393 2293 507 2354 sineque,
523 2293 589 2342 elcut
601 2302 629 2342 at
645 2295 670 2342 iu
687 2294 793 2342 Mamm.
812 2293 908 2341 Medic.
920 2293 999 2342 Polit.
1011 2291 1089 2341 Vind.
1105 2297 1127 2340 l.
1144 2305 1202 2338 curn
1218 2297 1328 2352 quatuor

239 2355 329 2402 Bnrm.
349 2355 412 2404 blau.
431 2365 459 2404 et
478 2355 526 2404 Ed.
541 2357 605 2406 Veu.
625 2362 647 2406 1.
681 2356 840 2406 laurada.
859 2357 938 2406 Forte.
955 2361 1034 2404 estet
1051 2357 1215 2405 carum-10
1232 2354 1328 2404 Exulat

236 2419 349 2481 publicar.
365 2419 398 2466 ab
410 2419 484 2468 Hulr.
498 2421 643 2484 pmuuturanr
653 2421 822 2484 publicanae.
840 2421 938 2470 Mente.
949 2425 975 2470 2.
986 2423 1011 2468 ³.
1023 2421 1102 2469 Polit.
1114 2419 1192 2468 vind.
1204 2424 1229 2467 ⁶1.
1241 2425 1267 2466 et
1278 2433 1330 2468 nec·

239 2487 287 2540 tur,
298 2483 388 2532 omisso
405 2485 556 2544 eet,lledic.
575 2489 596 2532 l.
616 2489 640 2534 8.
663 2485 741 2534 Polir.
758 2486 821 2548 Cup.
835 2499 896 2546 rupe
912 2491 971 2534 cert.
989 2483 1119 2533 Paria—1
1139 2483 1328 2532 Deductieurcr.

240 2545 385 2596 Eddven.
401 2551 426 2595 2.
443 2551 467 2596 ⁸.
500 2548 583 2596 Paulo
599 2557 660 2597 ante
677 2564 690 2597 e
705 2549 794 2598 column
811 2549 890 2598 Vlnd.
908 2553 931 2598 1.
963 2548 1058 2598 Postea
1074 2553 1097 2598 et
1111 2553 1182 2610 prat.
1198 2547 1329 2608 abditisque

239 2610 355 2658 flantem.
367 2611 450 2660 Perit.
463 2627 477 2660 ιι
490 2627 523 2660 nr.
534 2627 573 2674 pr.
583 2613 694 2676 obditirp.
705 2613 784 2661 etiam
795 2613 862 2660 Ven.
873 2615 899 2667 2.
911 2615 984 2662 a.-a
1001 2614 1073 2662 Unus
1083 2613 1155 2660 Torr.
1167 2617 1193 2660 et
1203 2611 1329 2660 Coreeud.

239 2687 303 2724 am.
321 2690 371 2725 uec.
414 2676 441 2688 ‘¹
506 2678 683 2736 ‚alter'l'orn
703 2677 1019 2726 contraluctantium.
1055 2677 1121 2726 Dein
1140 2675 1327 2738 Arpmm'pm

238 2737 317 2788 Vind.
338 2743 361 2787 l.
459 2754 530 2804 .pro
543 2756 566 2790 r.
578 2743 595 2790 l.
607 2741 656 2790 Ed.
673 2742 762 2802 Camp.
794 2741 887 2790 Statim
904 2755 951 2790 nou
969 2741 1094 2790 librum
1113 2741 1179 2788 ctera.
1199 2739 1279 2788 Fouc.
1298 2753 1327 2786 ne

238 2804 316 2852 ωιιιίι.
327 2803 433 2904 ψιιιιιι.
444 2805 542 2855 Medic.
551 2810 576 2856 Ξ.
589 2805 664 2854 Voss.
676 2804 724 2855 Ed.
735 2805 824 2870 Stepb.
836 2819 943 2870 eamque
961 2813 1077 2855 secutur:
1091 2819 1162 2867 nequ
1173 2803 1246 2853 eon.
1259 2803 1324 2867 cop.

729 2985 833 3037 NO'I'AE

271 3079 283 3113 ὓ
302 3080 506 3145 emmellinae]
533 3081 602 3132 Vide
618 3082 644 3132 iu
656 3083 764 3134 Claudio
804 3082 884 3146 pellat
901 3094 951 3130 uon
969 3079 1092 3143 ingenuos
1109 3077 1179 3128 elrer
1195 3077 1331 3139 Romamn

240 3169 298 3219 etp·
310 3161 351 3206 ⁴⁵·
804 3161 887 3210 donee
900 3159 1005 3208 Romam
1018 3171 1075 3207 curn
1095 3155 1147 3204 auin
1168 3155 1242 3204 rebus
1260 3167 1329 3202 con·

271 3231 449 3282 ‘Vatrenus
462 3233 587 3296 proemio]
613 3235 654 3283 De
670 3243 764 3297 preto·
804 3237 966 3301 migrassent.
1000 3231 1329 3296 Domtcitinmlroe‚nooiu

241 3305 319 3356 nauis
330 3321 406 3370 rupta
418 3321 496 3369 rupe.
805 3313 868 3363 nrbc
881 3319 981 3361 tuntum
993 3311 1059 3374 ipsa,
1069 3306 1115 3357 ted
1127 3306 1153 3356 in
1164 3321 1226 3370 agro
1239 3305 1330 3354 Roma·

273 3379 615 3449 ‘Domitiliitrmrrlutionenq
639 3384 703 3435 Haec
720 3386 764 3435 ad·
805 3403 839 3438 no
861 3388 952 3452 patuit.
985 3389 1044 3438 Oua
1067 3385 1147 3433 dere
1170 3379 1328 3445 pluraapud

241 3457 279 3508 dit
297 3467 325 3507 ur
343 3460 451 3508 coloniae
467 3459 680 3522 magniticentlnru
700 3461 764 3510 indi·
805 3465 956 3514 ciceronem
970 3464 994 3512 iu
1008 3460 1125 3525 Agraria
1135 3458 1255 3506 adrerum
1269 3455 1330 3518 Rul-

240 3541 293 3596 cet,
304 3534 329 3582 in
341 3549 416 3597 utram
428 3535 499 3584 nrissi
510 3547 571 3584 runt
587 3536 657 3585 uires
674 3537 765 3586 Roma·
804 3541 866 3603 lum,
877 3548 904 3588 et
922 3539 1029 3588 maxima
1047 3534 1114 3600 aqud
1135 3533 1264 3596 sigonium
1286 3531 1330 3580 lib.

241 3609 277 3672 ni,
300 3611 369 3675 lique
389 3612 486 3672 optimo
501 3611 561 3674 jnre
579 3612 656 3672 cirea,
675 3614 764 3662 relicto
805 3629 824 3664 r.
840 3615 872 3663 de
886 3614 1000 3677 Antiquo
1016 3612 1082 3664 Jura
1093 3610 1193 3658 Civium
1205 3608 1331 3656 Rornano-

241 3702 283 3750 eo,
295 3679 513 3752 atropaudcbmt,
531 3689 618 3740 Romae
629 3689 766 3740 domicilio·
805 3703 860 3740 mm
872 3703 929 3750 cap.
942 3693 965 3737 l.
977 3696 1005 3736 et
1014 3691 1039 3738 2.
1050 3687 1093 3736 ubi
1106 3686 1156 3736 itta
1164 3683 1220 3733 fuse
1231 3689 1258 3732 et
1270 3683 1329 3732 doc·

240 3765 264 3815 li
277 3766 344 3815 enim
356 3764 511 3815 dicebantur
519 3767 590 3816 cives
602 3767 710 3816 Romani
720 3783 765 3831 op·
806 3774 833 3814 te
845 3765 1018 3828 persequitur.

241 3841 303 3890 tirno
310 3842 379 3904 jure,
387 3841 649 3906 quidomicilium.qnl
658 3843 764 3903 tribum,
836 3849 849 3885 t
868 3837 1067 3902 Primipilurirnn]
1091 3837 1132 3886 De
1148 3835 1332 3900 liupuldum,

163 3966 169 3978 ,
241 3919 284 3980 qni
304 3918 426 3967 bonorum
446 3923 599 3981 potestatem
619 3919 763 3980 babebaut;
804 3917 864 3966 virle
876 3917 901 3965 ln
911 3914 1014 3965 'l'iberio
1027 3928 1085 3976 cap·
1097 3916 1138 3961 st.

240 3992 309 4042 uude
322 3993 363 4058 qui
375 3993 763 4060 municipiaiucolebaut,quan·
836 3991 848 4026 ¹¹
864 3993 969 4056 Augusti
978 3985 1127 4054 promripio]
1151 3989 1224 4038 idem
1239 3997 1266 4038 et
1282 3991 1331 4039 Ta-

242 4080 316 4128 uuam
328 4077 355 4117 et
366 4071 461 4120 tribum
478 4077 505 4118 et
521 4069 645 4118 bonorum
662 4069 763 4132 petitio·
804 4071 879 4126 citus.
898 4083 928 4120 re
940 4066 1083 4133 praesertim
1101 4067 1200 4115 Seneca
1217 4065 1281 4116 libro
1298 4067 1331 4116 du

242 4157 299 4190 nem
310 4143 444 4194 baberent.
475 4144 543 4196 eria
560 4153 643 4192 rumen
661 4145 764 4193 domici·
805 4143 1011 4208 Clementia,qui
1029 4141 1168 4205 inscriptus
1183 4140 1233 4190 ‘ad
1251 4141 1332 4194 Nero·

241 4218 275 4267 lio
287 4219 421 4282 carebant,
431 4231 475 4268 eor
488 4219 578 4270 cicaro
590 4221 615 4269 in
627 4221 709 4271 Bruto
720 4235 765 4285 ap·
806 4217 881 4270 nrm!
