3090 4824
215 255 303 378 Ι802
660 324 691 370 c.
715 319 892 370 sunrourr

239 489 360 554 nesqrre
374 467 541 552 praetoriix
562 466 602 530 de
623 465 711 546 fugae
731 465 896 528 societate
920 459 1070 526 tentavit.
1103 457 1182 526 eeu
1201 455 1324 541 partim

239 569 557 652 tergiversantibus,⁵
578 566 700 652 partim
714 571 829 648 aperte
856 563 1130 640 detrectantibus,
1156 579 1221 625 uuo
1242 577 1322 624 vero

239 671 339 736 etiam
361 671 600 754 proclamante,

431 770 547 855 Usque
559 765 735 834 adeone⁶y
755 766 838 830 mori
855 765 1013 830 miserum
1037 763 1117 828 es'tl
1204 769 1208 776 ’

238 875 330 938 varia
345 874 503 956 agitavit:
525 871 722 948 Parthosne,
745 888 788 933 an
803 868 945 933 Galbam
960 867 1108 949 supplex
1123 869 1259 948 peteret,
1282 882 1324 928 an

238 982 386 1042 atratus¹
422 973 567 1056 prodiret
596 972 631 1035 in
657 969 838 1053 publicum,
865 986 994 1051 proque
1011 965 1170 1042 Rostris*
1200 969 1327 1046 quanta

236 1077 405 1142 maxima⁷
427 1078 542 1156 posset
566 1068 801 1145 miseratione,8
826 1070 957 1132 veniam
980 1066 1226 1150 praeteritorum
1250 1085 1325 1148 pro·

237 1185 375 1254 caretur,
389 1195 442 1254 ac,
455 1175 514 1239 ni⁹
535 1173 685 1237 flexisset
698 1170 839 1247 animos,
862 1169 916 1234 vel
937 1169 1078 1253 AEgypti
1092 1167 1325 1250 prefecturam

237 1279 380 1345 concedi·
399 1277 465 1341 sibi
480 1281 601 1340 oraret.
645 1272 806 1336 Inventus
829 1279 882 1336 est
903 1280 1026 1355 postea
1048 1271 1084 1333 in
1105 1270 1225 1334 scrinio
1252 1268 1327 1352 ejus

236 1381 301 1446 bac
315 1381 357 1445 de
373 1399 407 1442 re
422 1397 528 1442 sermo
543 1377 724 1448 formatus:
740 1373 799 1438 sed
816 1373 1006 1438 deterritum
1018 1378 1151 1454 putant,
1166 1390 1209 1434 ne
1220 1369 1323 1454 prius,

236 1499 334 1564 quam
363 1480 397 1543 in
422 1478 544 1542 Forum
570 1476 798 1560 perueniret,¹⁰
820 1474 1072 1557 discerperetur.
1116 1473 1174 1536 Sic
1198 1470 1327 1552 cogita·

234 1584 326 1646 tione
340 1581 374 1644 in
389 1586 559 1662 porterum
573 1577 663 1642 diem
678 1576 795 1653 dueta,
810 1575 853 1638 ad
868 1574 1013 1639 mediam
1034 1574 1104 1639 sere
1118 1578 1251 1637 noctem
1265 1589 1323 1636 en·

235 1683 369 1758 citatus,
384 1687 421 1744 ut
434 1668 607 1762 comperit,
622 1678 798 1743 stationem
818 1675 981 1740 militumb
1002 1677 1194 1753 recessisse,
1218 1671 1324 1757 prosi-

234 1782 295 1850 luit
309 1801 329 1844 e
342 1782 441 1858 lecto,
455 1779 608 1862 misitque
624 1778 748 1842 circum
762 1777 897 1841 amicos.
942 1777 985 1841 Et
999 1779 1080 1860 qnia
1102 1777 1181 1841 nibil
1205 1794 1324 1858 aquo·

235 1903 336 1965 quarn
350 1881 608 1958 renuntiabatur,
622 1881 696 1963 ipse
712 1898 787 1943 cum
809 1878 928 1960 paucis
950 1878 1095 1962 hospitia
1120 1879 1324 1960 singulorum

235 1983 341 2047 adiit}
389 1982 510 2046 Verum
525 1981 652 2046 clausis
665 1980 811 2064 omnium
825 1979 962 2057 foribus,
978 1980 1196 2063 respondente
1216 1979 1323 2056 nullo,

234 2085 269 2146 iu
280 2083 469 2147 cubiculum
492 2082 602 2159 rediit,
618 2081 706 2145 rinde
722 2081 795 2164 jam
810 2093 842 2145 ot
856 2081 1015 2145 custodes
1031 2079 1251 2162 diffugerant,²
1273 2079 1324 2143 di·

234 2184 338 2266 reptis
351 2185 449 2249 etiam
461 2183 629 2264 stragulis,
639 2189 751 2248 amota
764 2189 797 2248 et
808 2183 935 2268 pyxide
952 2182 1083 2248 veneni.
1127 2181 1181 2248 Ac
1191 2181 1321 2252 stetim³

233 2509 286 2544 rum
298 2495 373 2544 Vorr.
405 2496 471 2545 Turn
481 2497 508 2545 irr
521 2499 574 2546 Ort.
587 2495 683 2547 Medic.
697 2503 722 2546 t.
733 2499 860 2549 Polie-r
878 2499 912 2547 Et
924 2503 984 2560 terg.
996 2497 1073 2546 Viod.
1090 2502 1114 2546 1.
1129 2495 1245 2546 Heriem.
1257 2492 1326 2544 Edd-

232 2561 299 2608 Ven.
312 2565 333 2608 l.
344 2559 415 2610 Med.
428 2575 464 2622 pr.
476 2561 549 2611 Cald.
561 2562 643 2624 Lugd.
654 2562 728 2612 Junt.
737 2562 799 2612 Ald.
814 2562 874 2625 Arg.
908 2564 1003 2611 Postea
1014 2564 1113 2611 detenet.
1125 2560 1222 2610 solenni
1234 2573 1323 2608 errore

233 2624 332 2673 Medic.
346 2628 369 2673 ³.
389 2625 474 2673 Periz.
491 2625 555 2674 Edd.
568 2627 639 2674 Rom.
657 2627 728 2675 etiem
740 2635 801 2675 ante
815 2628 890 2689 procl.
902 2641 953 2674 non
970 2626 1049 2674 babet
1062 2627 1125 2687 Cup.
1135 2629 1159 2673 et
1172 2625 1244 2686 prael.
1257 2623 1324 2674 Edd.

233 2689 356 2738 Runa-6
368 2690 476 2737 Adeorec
486 2689 561 2738 Huls.
571 2691 629 2738 ndcu
637 2692 725 2739 moriae
738 2690 835 2738 Medic.
845 2695 869 2738 l.
895 2691 961 2739 Dein
969 2692 1035 2739 curie
1045 2691 1148 2739 Memm.
1161 2687 1258 2737 Medic.
1268 2694 1290 2737 l.
1298 2692 1323 2738 8.

232 2753 310 2800 Vind.
322 2756 347 2800 2.
359 2753 428 2801 Cort.
442 2754 519 2810 Ferre.
534 2753 607 2801 lluls.
620 2753 696 2804 Voss.
707 2762 734 2802 et
745 2759 861 2804 attractus
873 2753 970 2803 Medic.
979 2758 1003 2804 a.
1015 2754 1092 2802 vind.
1104 2759 1127 2802 l.
1139 2759 1165 2800 et
1176 2756 1201 2802 2.
1212 2767 1227 2800 ι
1239 2765 1272 2800 m.
1283 2766 1323 2814 pr.

233 2817 306 2864 Cort.
319 2817 405 2864 Nonn.
417 2817 497 2864 Forrc.
507 2831 564 2865 curn
577 2825 685 2880 qrretuor
696 2819 786 2866 Burru.
797 2826 825 2868 et
836 2819 901 2866 Edit.
914 2819 1011 2881 primis.
1028 2818 1149 2866 Correxit
1158 2816 1220 2864 Sub.
1237 2815 1324 2864 aeriter

233 2879 405 2929 Curicum-l
425 2880 519 2932 Quanto
529 2895 595 2928 macr
605 2883 673 2930 Dua.
685 2883 782 2932 Medic.
790 2887 815 2932 θ.
826 2882 899 2930 Voss.
908 2897 947 2946 qu.
963 2895 1024 2943 porr.
1035 2895 1100 2929 runs.
1111 2880 1189 2928 Vind.
1202 2885 1225 2929 l.
1237 2880 1322 2928 Perit.

234 2943 350 2992 Harlern.
369 2951 394 2991 et
414 2943 480 2992 Edd.
499 2953 558 2992 unte
572 2943 730 2994 carcub-8
750 2947 903 2995 Vererotiurre
913 2946 991 2993 vinu.
1003 2950 1026 2992 l.
1040 2944 1123 2992 Perit.
1137 2943 1251 2992 Harlenr.
1264 2957 1323 2992 curn

227 3007 299 3054 'Edd
310 3022 370 3055 erec.
382 3020 430 3054 xv.
442 3015 469 3055 et
481 3007 546 3056 Bon.
557 3009 599 3056 cul
610 3009 671 3057 lect.
683 3006 754 3058 iuret
765 3010 853 3058 Burin.
877 3011 944 3059 Dein
954 3013 1023 3070 prat.
1032 3013 1177 3070 peccatorum
1190 3005 1287 3054 Medic.
1298 3010 1324 3054 2.

232 3069 344 3117 vindi.
356 3071 422 3118 Duo.
431 3071 505 3118 Voss.
515 3071 579 3118 Erre.
588 3086 644 3135 qna
658 3079 685 3122 et
695 3077 859 3135 repressa-il
874 3073 911 3122 Ac
922 3073 968 3120 uiri
978 3071 1076 3119 Medic.
1087 3075 1111 3120 2.
1122 3068 1200 3119 Vind.
1211 3073 1236 3118 2.
1249 3069 1322 3118 Cart.

233 3133 304 3180 Duo.
316 3132 436 3196 inflesirrc
448 3132 523 3182 lirrlr.
535 3132 603 3183 unde
617 3133 679 3185 facit
698 3137 788 3187 Burm,
804 3137 830 3185 ni
840 3137 978 3200 inflexisset.
1011 3134 1084 3184 iufra
1093 3139 1130 3183 ert
1145 3147 1195 3182 non
1207 3135 1324 3196 agnoscit

234 3198 368 3245 Dum-ld
389 3196 485 3246 Veniret
502 3198 588 3246 Perta.
605 3198 719 3249 Heriem.
732 3201 780 3249 Ed.
791 3202 856 3250 Ven.
869 3203 891 3249 1.
925 3201 989 3248 Mox
1005 3199 1215 3247 delatoVors.-l
1234 3197 1323 3246 Brrrm.

233 3262 302 3322 conj.
312 3260 427 3309 citit-a
445 3261 503 3309 Fori
520 3267 579 3311 curt.
596 3263 649 3326 diff.
668 3264 764 3314 Medic.
781 3267 805 3312 1.
822 3264 955 3328 effugerant
965 3261 1042 3312 Vlnd.
1052 3267 1076 3312 2.
1088 3263 1160 3312 corr.
1172 3261 1253 3320 etium
1263 3267 1323 3309 eust.

233 3325 307 3375 Voss.
341 3324 411 3374 Deio
428 3326 476 3374 dir.
488 3329 511 3374 et
521 3332 598 3388 ηας.
614 3329 741 3379 Fene-tt
759 3329 812 3377 Pro
823 3329 943 3383 certatim
961 3327 986 3376 in
1007 3326 1064 3390 cuj.
1083 3341 1111 3376 cc
1121 3326 1237 3384 sructura,
1254 3325 1322 3374 node

722 3487 830 3538 NOTAE

265 3589 281 3636 ¹,
297 3579 411 3630 Trilnruu
424 3581 620 3646 Centurionerque
638 3583 759 3646 pretorii]
827 3580 967 3644 ¹Atratus]
985 3581 1100 3646 Lugubri
1116 3591 1190 3630 reste
1207 3578 1321 3636 indutus.

233 3655 315 3706 Iidem
333 3656 488 3705 Pretoriaui
506 3655 662 3706 dicunturtn
675 3659 757 3722 Calig.
795 3660 869 3724 nigre
880 3659 989 3714 scilicet,
1000 3660 1101 3723 qrrnlenr
1120 3657 1226 3706 induere
1244 3657 1321 3704 urcrlr

234 3748 291 3797 cap.
302 3737 343 3782 to.
795 3743 850 3785 erat
863 3733 888 3782 in
900 3734 972 3783 luctu
984 3739 1028 3782 aot
1040 3733 1144 3782 rumoris
1158 3732 1287 3794 perieulis.

265 3809 373 3872 rUrque
399 3806 497 3870 odeum]
520 3806 618 3857 Verrnr
645 3813 685 3858 ert
708 3823 758 3859 xrr.
827 3817 840 3844 ⁸
856 3810 950 3873 Proque
973 3808 1079 3872 Rostris]
1095 3808 1164 3860 Quid
1185 3807 1240 3858 bac
1262 3807 1323 3871 rint,

233 3881 332 3932 lEneid.
347 3881 390 3932 obi
400 3881 588 3930 'l'urnursorori
600 3882 758 3946 moriendum
798 3884 887 3936 iuJul.
899 3885 930 3933 ed
944 3899 1001 3948 cap.
1013 3889 1037 3932 6.
1050 3890 1165 3932 notatum
1178 3890 1227 3932 ert.

234 3959 319 4019 potius
339 3973 413 4021 quern
434 3955 581 4020 fugiendum
603 3971 659 4007 esre
679 3957 758 4008 dicit:
830 3957 1110 4019 l³Stationemmiliturn]
1128 3957 1324 4022 Excubitoruru,

235 4033 343 4096 ‘Urqne
360 4033 459 4082 adeone
478 4034 542 4083 mori
563 4035 680 4084 miserum
701 4035 762 4084 est?
798 4034 934 4098 dequibus
947 4037 1129 4098 srrprecap.8.

236 4121 280 4154 ror
292 4121 317 4166 o,
330 4107 397 4166 mitri,
409 4123 504 4172 rnauer,
516 4111 577 4158 Ertc
589 4109 667 4160 boni!
