3084 4836
583 403 835 458 uonrrrrrrusr
1184 397 1263 472 ,aas

169 549 389 636 nuntiataque
405 557 492 628 sunt,
504 554 542 616 ut
553 549 1033 634 exclamaverit,‘Feriat'jam‚
1044 555 1261 634 quemvolerss

169 649 313 716 'factum
333 653 376 716 de
396 653 484 718 coelo
496 651 713 734 Capitolium,
734 652 961 734 templumque
984 652 1111 719 Flaviae
1134 655 1261 736 gentis:

169 751 249 817 item
271 749 583 829 domusPaIatiua‚⁶
604 757 637 817 et
656 753 842 816 cubiculum
855 753 985 836 ipsius:
1009 763 1110 838 atque
1129 755 1261 820 etiams

169 853 243 917 basi
255 858 375 918 statuae
390 853 598 937 triumphalis
611 853 729 917 titulus
740 872 905 918 excussus
918 856 951 918 vi
968 855 1123 937 proccliae
1135 856 1169 919 iu
1190 876 1261 920 mo-

169 959 361 1018 numentum
377 955 563 1037 proximum
578 953 713 1018 decidit.
757 951 890 1029 Arbor,‘
908 975 984 1038 quae
1004 957 1138 1038 privato
1152 956 1260 1020 adhuc

168 1053 385 1140 Vespasiano
399 1072 514 1119 euersa
530 1060 730 1132 surrexerat,
742 1061 820 1120 tunc
833 1064 966 1118 rursus⁷
981 1063 1114 1141 repente
1128 1057 1261 1121 corruit.

168 1155 390 1222 Praeuestiua⁸
402 1154 558 1231 Fortuna,
569 1155 776 1238 totoimpcrii
788 1157 900 1238 spatio
910 1175 1032 1220 aunum
1043 1176 1161 1242 novum
1173 1177 1263 1222 cour·

169 1256 335 1322 mandanti
345 1258 524 1340 laetamque
536 1255 743 1337 eandemque
755 1273 888 1338 semper
896 1261 1016 1320 sortem
1029 1257 1108 1322 dare
1118 1264 1263 1336 assueta,

170 1361 320 1422 exuamo
332 1357 554 1424 tristissimam
565 1355 735 1432 reddidit·
749 1376 814 1422 nec
823 1359 895 1421 siue
904 1359 1076 1440 sanguinis
1085 1361 1264 1424 mentione.

170 1457 385 1537 Minervam*
405 1479 507 1543 quara
537 1457 768 1541 superstitiose
790 1458 934 1536 colebat,
960 1458 1142 1522 somniarit
1164 1479 1262 1524 erce-

170 1559 248 1624 dero
261 1561 416 1637 sacrario,
428 1566 630 1642 uergeruteru,⁹
652 1559 740 1623 ultra
768 1577 806 1622 ec
826 1560 912 1624 tueri
933 1576 1010 1623 cum
1033 1579 1147 1642 possa,
1171 1561 1262 1645 quod

171 1659 364 1730 exarmata¹
385 1669 476 1727 esset
485 1681 509 1726 u
520 1661 618 1726 Jove.
662 1659 891 1726 Nuiiatamcu
910 1679 945 1724 re
957 1661 1096 1744 perinde
1116 1680 1263 1727 commo·

171 1768 225 1826 tus
237 1771 264 1802 ¹⁰
285 1771 350 1838 eat,
361 1781 458 1845 quam
469 1779 635 1845 responso
648 1779 800 1845 casuque
813 1759 1055 1826 Ascletarionis
1076 1763 1262 1829 mathema·

170 1863 241 1928 tici.
286 1863 389 1928 Hunc
404 1861 563 1940 delatum,
578 1881 640 1928 neo
650 1861 854 1926 inficiantem
871 1861 1020 1944 Jactasse
1034 1883 1083 1939 se,
1096 1883 1171 1946 quae
1186 1885 1262 1947 pro·

170 1961 314 2028 vidisset
328 1983 371 2028 cx
380 1971 463 2042 arte,
473 1963 665 2028 sciscitatus
680 1968 743 2040 est,
755 1963 832 2044 quie
843 1962 954 2044 ipsum
969 1965 1263 2029 maneretexitust

170 2067 203 2126 ct
238 2062 465 2142 affirmantem,
494 2065 594 2142 ‘iore
620 2072 659 2130 ut
691 2064 781 2129 brevi
804 2063 1025 2128 laceraretur¹
1057 2083 1079 2128 a
1103 2064 1265 2142 canibus,’

170 2163 308 2230 interfici
324 2163 459 2251 quidem
471 2165 543 2230 siue
562 2183 668 2242 more,
692 2164 752 2228 sed
765 2163 808 2228 ad
832 2165 1077 2246 coarguendam
1100 2167 1265 2230 temerita-

171 2265 340 2343 ternariis,
363 2265 496 2349 sepeliri
509 2285 643 2350 quoque
659 2263 910 2330 accuratissime
932 2265 1118 2349 imperavit.
1163 2265 1265 2344 Quod

171 2383 247 2430 curu
259 2363 358 2444 tieret,
371 2366 494 2444 evenit,
507 2374 556 2445 ut,
575 2365 745 2450 repentina
757 2369 951 2448 tempestate
963 2366 1117 2450 dejecto·
1139 2368 1261 2448 iuuere,

663 2577 811 2606 nevaeum

171 2731 189 2778 o
204 2726 324 2778 Peteliae
335 2725 453 2776 Heriem.
465 2727 547 2776 Peris.
561 2725 627 2776 eud.
639 2727 713 2776 Rom.
725 2725 798 2777 Med.
809 2727 875 2776 verr.
884 2725 958 2777 eard.
968 2727 1034 2778 Bou.
1062 2725 1158 2776 Postea
1169 2727 1266 2789 iegitur

172 2793 198 2842 iu
211 2793 308 2840 Medic.
317 2795 341 2840 8.
357 2791 420 2839 iera
429 2805 449 2839 s.
461 2796 479 2840 t.
492 2791 569 2839 autu
579 2791 693 2840 meanis.
708 2791 814 2840 Merum.
827 2791 921 2840 moriem
932 2805 1039 2852 monor.
1057 2797 1083 2838 et
1098 2791 1191 2839 marrire.
1204 2805 1265 2854 quc·

191 2869 224 2904 aa
233 2855 331 2904 Medic.
340 2859 364 2903 t.
377 2869 433 2904 curu
445 2854 512 2904 Edd.
524 2855 631 2918 eiiquot,
642 2863 670 2903 ut
686 2857 835 2918 paretur-t
855 2856 884 2904 r.
897 2855 931 2903 Ν.
947 2857 976 2903 c.
987 2869 1070 2903 rmus
1080 2853 1185 2903 Mamur.
1197 2854 1265 2905 unde

200 2919 244 2968 nd.
266 2917 376 2976 effinxit,
392 2923 447 2967 terre
462 2919 528 2967 antid
544 2933 615 2967 murs
630 2933 692 2968 rsrs.
739 2919 802 2968 Mos
820 2917 991 2967 comendesti
1009 2917 1083 2966 daret
1102 2919 1171 2966 Duu.
1188 2919 1264 2967 Voss.

171 2982 290 3032 Heriem.
303 2982 360 3044 Cuj.
369 2983 478 3032 Perias
489 2997 522 3031 ur.
534 2996 574 3046 pr.
586 2979 652 3030 Edd.
661 2983 725 3032 Vsu.
736 2983 797 3032 datr.
809 2983 875 3031 Bou.
893 2981 1016 3032 card-a
1034 2981 1122 3030 Reddit
1134 2983 1197 3044 Cap.
1209 2981 1265 3032 Me·

171 3047 223 3096 dic.
234 3051 260 3096 d.
287 3045 370 3108 Supra
380 3048 482 3094 edmderrr
490 3047 546 3096 riae
557 3060 600 3110 pue
611 3047 681 3096 Duo.
712 3047 763 3096 i’ro
771 3047 886 3095 mentione
897 3059 978 3158 marg.
988 3045 1088 3108 Gryph.
1100 3044 1265 3098 emissione.-

172 3115 189 3160 ⁹
201 3109 297 3159 Medic.
308 3111 376 3159 Dua.
389 3111 467 3160 Fcrrc.
484 3111 564 3160 Petit.
576 3111 655 3161 Vind.
668 3109 740 3161 Ocri.
751 3117 779 3160 et
794 3109 828 3158 0.
846 3110 933 3158 iiurm.
969 3108 1029 3158 odd.
1048 3122 1105 3158 curu
1127 3109 1193 3158 Edd.
1204 3123 1264 3159 rare.

172 3187 220 3222 xv.
237 3175 300 3223 itern
316 3174 382 3223 Borr.
399 3173 472 3224 duat.
489 3176 548 3223 Ber.
568 3175 605 3223 Lu
625 3173 650 3222 d.
670 3174 729 3223 did.
748 3173 810 3224 dab.
827 3173 1264 3236 Grypu.cer.1ror.eegeereaqre.

173 3237 249 3292 Con'.
260 3236 329 3287 Oud.
339 3242 464 3300 ugonem
471 3253 569 3302 perosa
601 3189 633 3289 io
645 3239 723 3288 Viud.
736 3242 760 3286 2.
774 3253 801 3287 se
811 3238 948 3287 nitra-ld
965 3238 1048 3286 Motus
1068 3237 1181 3286 Heriem.
1198 3237 1266 3286 Edd.

172 3253 323 3350 Meriveu.
338 3301 489 3351 Cnidliorr.
517 3308 596 3352 turres
610 3302 709 3363 perinde
725 3300 971 3363 daummemsmp.
1003 3299 1141 3359 Deiojeet.
1158 3302 1218 3362 quod
1258 3333 1266 3348 .

171 3364 252 3413 vrnd.
263 3369 288 3414 Β.
297 3368 358 3428 prrod
369 3366 438 3414 cort.
451 3365 579 3428 procidisse
589 3364 687 3415 Medic.
698 3369 772 3415 s.-1
789 3364 917 3412 Lucerem
932 3363 1030 3413 Medic.
1042 3367 1065 3412 l.
1077 3378 1092 3411 s
1103 3377 1137 3411 ru.
1150 3377 1189 3425 pr.
1222 3314 1266 3410 iii·

173 3427 214 3476 i'rs
225 3429 313 3478 maliet
324 3429 394 3479 Dok.
410 3429 432 3478 si
451 3429 508 3478 iibri
528 3435 687 3492 peterentur,
696 3443 766 3492 quam
775 3441 853 3476 arcer.
866 3429 906 3476 eei
917 3441 1143 3490 camerinensem.
1179 3425 1265 3475 iiebet

172 3493 255 3542 Fouo.
264 3493 411 3557 impetrarit,
426 3493 513 3557 inquo
524 3493 602 3542 etiem
614 3498 641 3541 st
658 3502 717 3554 pust
732 3491 810 3541 everrit
827 3491 960 3540 deesr.-a
977 3489 1047 3539 Oud.
1059 3489 1151 3539 suadet
1161 3490 1265 3550 disjecto,

173 3556 249 3606 raetia
261 3563 347 3608 tamen
358 3571 388 3608 re
396 3557 518 3622 ampiecti
527 3555 626 3609 istatur
634 3557 696 3606 Ero.
708 3556 883 3618 conjecturem
893 3553 1013 3618 daeiieto,
1021 3555 1060 3604 rei
1072 3555 1156 3618 potius
1166 3555 1266 3616 deserto,

664 3738 773 3792 MO'l'AE

205 3835 314 3900 idries]
332 3835 699 3902 oepreerer,deqesrnVer·
740 3833 868 3900 quandsrs
913 3834 1019 3898 periisse
1056 3845 1266 3890 commemorans,

175 3911 274 3974 pssisu.
288 3925 312 3962 c.
324 3915 349 3960 5.
740 3909 819 3975 quod,
834 3907 894 3957 daur
912 3907 1081 3971 sacrificaret,
1103 3909 1130 3956 in
1152 3907 1264 3970 publicis

206 3995 221 4032 ι
235 3987 383 4051 ramae]
400 3987 441 4038 Ad
452 4002 478 4037 c.
488 3991 530 4037 dt.
541 3986 568 4036 in
579 3987 666 4037 Tiber.
739 3983 861 4049 precibus
872 3997 921 4032 uon
933 3982 1083 4044 addidisset,
1093 3982 1161 4046 quod
1174 3982 1264 4032 Domi·

205 4061 383 4126 imorem]
409 4063 451 4114 its
469 4064 594 4128 oportuit,
617 4061 701 4126 iuquit
739 4062 825 4111 tienne
837 4056 1127 4108 essettiiiusMioerroe.

175 4139 464 4192 Cusubmretrarncoii
478 4138 566 4190 stilio.
597 4139 701 4190 Praeter
772 4137 939 4202 ruenda]
967 4135 1000 4186 id
1018 4142 1067 4199 est,
1082 4135 1159 4186 aruris
1178 4143 1257 4189 erute

175 4213 239 4264 sitos
261 4220 372 4266 testetur
393 4214 563 4269 Philostratus
583 4214 630 4268 lib.
649 4225 703 4266 su.
740 4213 1211 4282 quibuscumtscteuerdeisudisset.
