3084 4836
454 387 502 436 nu
526 385 700 436 recusus.
724 386 875 434 ouruu.
905 385 1027 435 crocu.
1198 371 1285 436 lons

193 533 339 606 teutatem,
361 533 396 594 et
416 547 492 592 cum
513 528 583 611 jem
608 545 675 592 non
690 547 803 609 gressu
824 525 926 592 modo
941 525 1161 605 deficeretur,¹
1176 529 1237 592 sed
1251 534 1285 595 et

197 649 287 694 visu.

235 731 296 812 [4.]
332 727 526 812 Appellatio
562 725 844 790 Grammaticorum
883 726 1004 792 Grmce
1044 730 1283 794 consuetudine

193 827 365 907 invaluit3‘
385 829 442 891 scd
458 827 553 891 initio
569 826 746 892 ‘Liternti'
762 828 976 891 vocabuntur.
1000 813 1185 894 'Cornelius
1202 849 1285 914 qun-

192 949 256 1011 que
271 927 388 1010 Nepos
409 928 467 991 in²
488 926 613 1002 libello,
628 947 695 1012 quo
709 926 880 1008 distinguit
901 927 1108 993 ‘literatum’
1130 932 1173 994 ab
1194 935 1287 994 ‘eru-

192 1029 309 1106 dito:u
331 1028 501 1092 ‘literatos
523 1027 661 1109 quidem
692 1026 811 1107 vulgo³
836 1028 1017 1108 appelleri'
1039 1030 1088 1094 nit
1113 1037 1204 1108 ‘eos,
1227 1033 1285 1115 qui

193 1127 319 1210 uliquid
335 1127 509 1208 diligenter
526 1132 561 1190 ct
578 1133 677 1192 acute
700 1127 911 1208 scienterque
932 1129 1062 1211 possint
1083 1139 1143 1195 out
1165 1132 1287 1207 dicore,

192 1236 250 1296 uut
264 1229 426 1292 scribere:
449 1236 596 1292 cetorum
617 1228 749 1310 proprio
769 1228 819 1291 sic
841 1230 1087 1312 appellandos*
1106 1233 1284 1316 poetarum

191 1330 411 1412 interpretes?
434 1329 493 1413 qui
516 1347 536 1392 a
562 1328 694 1394 Graecis
714 1329 914 1413 γραμματικοὶ
930 1333 1157 1398 nominentur!
1201 1333 1288 1398 Eos·

194 1657 271 1708 ertio
284 1655 534 1707 Vore.llerl.colb.
567 1655 745 1718 Vulgocuree.
778 1655 853 1706 lut're
869 1654 979 1716 terum
993 1655 1285 1718 pretereuntium.

195 1722 269 1772 colb.
282 1721 329 1770 Ed.
342 1721 411 1770 Flor.
423 1721 548 1782 prebente
559 1720 624 1771 Ern.
656 1721 687 1768 ln
699 1719 751 1769 fine
762 1721 827 1781 Cep.
844 1717 911 1768 Edd.
922 1720 1011 1768 multe
1024 1720 1192 1784 dejiceret—²
1210 1721 1286 1772 llerl.

194 1793 222 1839 et
234 1786 309 1834 Voer.
330 1785 495 1846 cmmttmqm
508 1785 571 1845 Nep.
589 1784 631 1832 tte.
663 1784 820 1846 Preepoeitio
837 1781 915 1832 etiem
934 1781 1007 1832 decet
1026 1783 1102 1833 Fouc.
1118 1791 1146 1835 et
1156 1785 1206 1834 lde.
1219 1786 1288 1836 lion·

194 1849 281 1908 gereii,
301 1849 325 1896 in
345 1862 397 1911 quo
418 1848 494 1896 libello
515 1847 614 1910 modom
634 1847 658 1896 d.
681 1849 810 1910 probante
832 1844 943 1894 creent.
967 1845 1080 1896 distinxit
1097 1848 1146 1896 Ed.
1166 1848 1288 1898 Vinci.-

195 1915 210 1962 8
231 1911 308 1972 Vulgo
319 1913 411 1974 quidem
429 1911 507 1959 Fouc.
541 1910 610 1958 Dein
621 1911 712 1974 aliquid
722 1910 798 1961 decet
806 1910 885 1959 Fouc.
897 1908 945 1958 Ed.
956 1907 1025 1958 Flor.
1041 1911 1188 1974 mavultque
1199 1911 1286 1961 uberte

195 1977 306 2025 urm-e
323 1975 450 2037 Appellnrtt
466 1973 540 2022 Heri.
551 1973 626 2022 Vom.
661 1975 730 2022 Dein
744 1973 821 2036 vulgo
833 1972 911 2020 verbe
926 1973 989 2020 cord.
1003 1973 1055 2022 ut.
1071 1987 1120 2022 eor.
1137 1973 1169 2022 erl
1190 1988 1289 2037 prlece-

195 2039 285 2087 dentie
296 2037 454 2099 reseruntur,
464 2037 630 2086 distinetione
647 2038 724 2100 plene
739 2045 799 2087 ente
816 2036 922 2086 Mentula
938 2037 1034 2098 perire,
1048 2038 1191 2100 omittoque
1208 2037 1288 2086 verbo

195 2101 304 2152 ruendi.
337 2101 573 2164 luterpuuctionem
591 2101 704 2150 correxit
715 2099 795 2150 Wolf.
815 2107 948 2174 preeunte
966 2099 1077 2150 Cerenb.
1096 2100 1138 2163 qni
1154 2101 1255 2149 oeteedit
1273 2115 1288 2152 e

196 2165 261 2216 Mes.
269 2175 296 2214 et
308 2166 357 2214 Ed.
365 2165 473 2214 Medici.
485 2164 575 2226 reponi
588 2164 665 2214 etiem
682 2165 769 2228 jussit,
782 2177 824 2212 cur
836 2163 953 2212 obsecuti
965 2173 1025 2211 tout
1036 2163 1105 2214 Oud.
1118 2163 1177 2212 Ern.
1189 2165 1249 2227 Bip.
1261 2171 1289 2212 et

196 2243 267 2342 m·
286 2226 1288 2355 :trunictuum.ret-„uucccccccccc:

691 2438 799 2491 NOTAE

230 2544 239 2570 ¹
251 2537 285 2586 st
295 2535 442 2598 Μαικία]
453 2536 484 2585 lu
497 2541 550 2585 eet.
559 2535 633 2600 impr.
644 2535 724 2586 Serre·
744 2523 753 2544 ⁹
764 2536 877 2598 lpeernm
888 2534 955 2583 uotis
974 2533 1008 2582 eit
1025 2533 1171 2597 inscriptus,
1182 2541 1211 2583 nt
1221 2535 1290 2584 eervl

198 2612 259 2661 uiue.
276 2611 371 2660 Arelli.
380 2610 449 2660 Stet.
765 2607 907 2669 irreptum,
922 2608 1031 2666 frontem
1046 2607 1137 2655 literati
1153 2608 1248 2657 Plauto
1265 2616 1292 2657 et

197 2697 202 2706 ·
231 2684 559 2747 'Etcump'ummgreeee
568 2684 725 2748 mododrytee·
766 2683 883 2747 Aputelo·
915 2682 1070 2731 ldcovertit
1086 2683 1293 2732 euctorGlome·

198 2759 248 2821 ret]
270 2759 304 2808 lu
322 2765 375 2807 vet.
395 2759 471 2822 impr.
488 2759 634 2824 deficeretur,
653 2758 726 2807 utin
766 2772 839 2808 rum:
851 2759 969 2817 literuter,
978 2755 1145 2818 perpeteretur.
1172 2759 1293 2808 cornelio

200 2847 329 2886 menuecr.
344 2833 433 2882 dcliii.
445 2833 510 2883 Stet.
767 2833 876 2897 Nepoti,
888 2831 1025 2882 discrimen
1037 2830 1142 2880 facienti
1153 2832 1223 2880 inter
1236 2833 1293 2880 lite·

233 2909 518 2958 *Gramemremmttm
533 2907 649 2971 irreleit]
668 2905 726 2956 Non
766 2917 851 2958 retum
872 2915 900 2957 et
921 2906 1060 2962 eruditum,
1086 2907 1204 2956 literatum
1226 2907 1296 2956 idem

200 2983 325 3048 protritus
343 2984 490 3033 oeneuoele.
522 2983 566 3032 Sic
579 2981 665 3031 Cuerer
676 2995 726 3032 ιιι.
767 2992 824 3033 eret
851 2997 881 3032 nc
911 2983 1104 3045 gremmetieue.
1154 2982 1294 3032 Diomedes

201 3059 234 3110 de
247 3060 313 3108 bello
324 3058 441 3109 Gellico:
459 3057 603 3108 ‘universis
615 3058 728 3108 ciriteti·
767 3059 811 3108 lib.
827 3071 861 3108 ιι.
880 3057 1000 3108 ‘Artium
1020 3071 1116 3121 genere
1131 3067 1191 3108 eunt
1211 3060 1295 3123 plure,

161 3153 164 3162 ’
201 3135 329 3198 itumque
349 3135 482 3184 Oceanum
501 3133 641 3196 ettinguut‚
659 3147 728 3196 qum·
767 3134 1294 3198 querumgremmetieeeoleliterelisert.

201 3225 252 3275 qne
271 3223 360 3258 eorum
381 3210 566 3259 cousuetudine
588 3207 728 3258 Armoric-
767 3227 864 3277 exque
878 3212 1006 3263 rhetorice
1028 3218 1056 3263 et
1077 3213 1179 3276 politice
1197 3213 1294 3261 conele-

202 3283 383 3350 eppellnntur!
402 3284 506 3334 Gmrm.
768 3293 843 3337 tout:
862 3287 958 3336 idcirco
975 3287 1083 3336 literulis
1098 3288 1179 3347 dicte,
1191 3287 1259 3351 quod
1280 3302 1297 3335 e

235 3359 294 3408 'Im
313 3359 399 3420 diedo,
411 3375 456 3420 pur
474 3359 601 3420 distinguit
612 3358 731 3407 wantum
768 3362 851 3410 literis
872 3362 988 3425 incipiet.
1021 3361 1087 3410 Nem
1105 3369 1132 3410 et
1151 3361 1296 3424 gummeti·

202 3435 233 3484 ed
243 3433 347 3497 aedito]
363 3434 467 3483 Uthuec
478 3434 556 3484 lectio
568 3440 616 3495 eet,
629 3433 731 3483 videtur
770 3449 817 3486 cue
836 3436 927 3484 Letine
946 3435 1063 3484 literetue
1085 3441 1125 3484 ert
1142 3435 1298 3500 appelletur,

204 3507 340 3558 cornelios
361 3507 451 3571 Nepos
472 3508 504 3556 ed
524 3507 549 3556 id
570 3507 652 3571 iprum
672 3506 732 3555 libri
772 3518 799 3559 et
821 3509 997 3574 grammatice,
1013 3508 1148 3566 literature,
1166 3523 1222 3573 que
1245 3506 1298 3558 ior-

203 3583 371 3646 rcriptionem
390 3583 580 3645 iuetltolree,ut
595 3583 733 3633 discrimen
771 3601 838 3635 mem
860 3584 980 3648 loquendi
1002 3584 1034 3632 ed
1056 3592 1152 3633 certem
1172 3585 1297 3634 reticuere

203 3659 348 3720 expliceret
369 3661 435 3707 inter
454 3659 585 3708 literetum
601 3665 629 3708 ct
649 3658 733 3707 erudi·
772 3659 880 3724 dirigit!
912 3659 948 3709 At
969 3659 1097 3708 ‘eruditi’
1114 3659 1156 3723 qrti
1178 3659 1298 3708 dicentur

206 3741 272 3794 tum,
285 3733 353 3797 quod
375 3735 417 3782 rix
438 3739 534 3797 putem,
554 3749 633 3798 quere
650 3733 733 3798 probo
773 3737 894 3788 Romami·
906 3735 1084 3798 scriptoribus,
1100 3742 1127 3784 et
1145 3733 1205 3798 quid
1222 3740 1296 3783 ‘eru-

203 3811 344 3860 lectiouem
367 3809 427 3857 milti
450 3815 580 3873 repertum
598 3810 623 3858 in
642 3810 732 3859 codice
771 3809 906 3861 ditionem'
925 3811 1028 3874 proprie
1044 3810 1297 3872 eppellerint,expo·

205 3884 354 3946 Bongereii:
378 3885 503 3934 cmmttur
517 3883 734 3947 puepueltepceli·
773 3887 867 3936 euimue
890 3885 923 3934 ed
943 3885 987 3935 lib.
1010 3899 1042 3934 ιι.
1068 3885 1141 3933 Suet.
1162 3889 1237 3933 citit.
1260 3885 1298 3933 elc

205 3957 734 4020 tumqemumdr'minguttttteretumrtrre·
773 3977 838 4026 cepe
858 3960 1026 4010 ‘eruditionis
1054 3961 1129 4008 verte
1154 3959 1300 4008 eclunriue'

206 4033 265 4084 dite.
287 4033 395 4097 Proprie
406 4033 523 4083 literetue
535 4034 555 4081 ie
564 4040 613 4089 est,
625 4035 667 4096 qui
678 4034 732 4082 lite·
773 4052 796 4087 c.
808 4041 833 4086 fl.
849 4035 876 4084 id
894 4043 943 4091 eet,
954 4035 1065 4094 ποικίλην
1074 4034 1214 4097 φιλολυγίαν
1222 4032 1297 4098 repri-

208 4109 408 4172 rmhebetrive
420 4123 506 4158 eurum
524 4108 665 4158 doctricem
678 4123 735 4171 pot·
773 4129 857 4175 χοντα.
874 4111 973 4160 Comei.

208 4184 302 4250 eideet,
317 4187 364 4238 lice
382 4192 432 4250 eet,
451 4187 465 4235 d
481 4184 668 4253 multumne,
680 4187 734 4238 elue
807 4194 818 4220 ¹
837 4187 946 4238 Ceterum
954 4187 1299 4252 prepriericuppettuederpe·
