3118 4852
275 310 363 376 1142
698 322 731 367 c.
752 318 934 368 sunrorrrr

276 461 441 540 λιυκῶλενος
469 471 547 551 Her.
592 463 690 528 Licet
705 462 888 528 Suetonius
902 478 1004 524 unum
1019 461 1167 525 cubitum
1191 460 1274 526 velit
1289 477 1364 522 csse

277 566 514 633 tantummodo.

558 752 645 817 Idem
666 753 700 816 ic
722 768 781 816 ιιι.
806 751 1029 838 Georgicorum
1039 753 1096 817 27.

322 906 423 986 Quod
452 910 563 970 sutem
584 905 641 982 sit,
670 901 910 986 ‘Victorisque
933 922 1025 968 erma
1047 899 1200 981 Quirini,'
1229 905 1367 965 nonest

279 1007 499 1094 contrarium:
522 987 610 1080 na’m,
632 1008 669 1067 ut
692 1002 795 1067 etiam
817 1004 852 1068 in
876 1005 983 1086 primo
1002 1002 1166 1068 AEneidos
1183 1000 1260 1066 292.
1279 1001 1367 1063 dixi·

278 1126 365 1183 mus,
389 1106 567 1170 Suetonius
579 1104 796 1186 Tranquillus
809 1103 872 1168 hoc
889 1104 931 1168 de
948 1102 1101 1184 Augusto
1125 1107 1366 1176 commemorat,

277 1207 451 1290 fquodam
467 1211 617 1289 temporo
638 1212 707 1269 tres
730 1212 844 1288 portes
866 1205 983 1289 popuii
1002 1205 1228 1268 consentiente
1242 1201 1367 1266 Senatu

282 1307 446 1372 obtulisse
468 1307 506 1371 ei‘
516 1308 578 1371 tria
595 1307 744 1384 nomina,
759 1305 904 1384 Quirini,
919 1304 1075 1388 Augusti,
1090 1303 1247 1368 Caesaris.
1290 1299 1366 1376 lile,

281 1427 335 1485 ne,
349 1427 450 1471 nuum
463 1407 627 1490 eligendo,
645 1406 729 1470 alies
750 1407 929 1471 offenderet
943 1412 1067 1489 portes,
1088 1405 1197 1488 primo
1212 1401 1367 1480 Quirinus

282 1515 333 1573 cst
354 1508 484 1604 dictus:
505 1507 582 1572 inde
605 1506 738 1572 Coesor:
769 1512 848 1590 post
877 1507 912 1571 in
941 1505 1075 1571 nornine
1097 1504 1276 1588 permensit
1297 1500 1369 1564 Au·

283 1608 394 1690 gusti!

518 1795 655 1862 Isidorus
680 1793 770 1884 Orig.
798 1794 871 1860 Lib.
888 1811 1005 1862 xvru.
1028 1817 1093 1880 cop.
1107 1794 1140 1859 2.

325 1951 541 2039 Tranquillus
568 1959 693 2029 sutem,
721 1949 919 2034 triumphum
941 1947 1060 2012 Latine
1084 1945 1198 2028 potius
1223 1939 1368 2024 appelta-

285 2056 366 2131 tum,
376 2056 468 2137 quod
481 2056 521 2148 is,
536 2054 597 2137 qui
613 2051 813 2134 triumphans
825 2048 950 2114 Urbem
965 2046 1193 2130 ingrederetur,
1208 2040 1369 2124 tripertito

236 2229 239 2236 .
282 2151 413 2231 judicio
427 2156 652 2220 honoraretur.

641 2350 732 2420 'Lis
754 2355 865 2437 eodem,
887 2378 955 2440 cop.
975 2355 1007 2420 6.

330 2489 545 2572 Tranquillus
566 2497 675 2554 entem
698 2489 799 2555 dicit:
825 2491 913 2555 Dum
934 2489 1109 2575 cujusdam
1129 2488 1316 2570 gladiatoris
1336 2486 1371 2548 in

288 2589 403 2654 ludum
418 2591 530 2654 emissi
553 2589 685 2672 gladius
707 2595 860 2656 curvatus
881 2589 1000 2654 fnisset
1020 2609 1063 2653 cx
1085 2591 1157 2652 acie
1180 2593 1277 2664 recte,
1299 2603 1372 2668 pro·

289 2691 390 2754 currit
410 2711 496 2755 nnus
518 2691 562 2755 ud
583 2711 660 2756 eum
683 2693 926 2774 corrigendum:
948 2697 1083 2773 tumque
1098 2710 1118 2753 s
1134 2695 1301 2773 pugnante
1321 2705 1372 2748 re·

290 2809 449 2874 sponsum
464 2799 528 2870 cst,
550 2793 622 2858 ‘sic
639 2791 812 2877 pugnabo’
833 2790 894 2876 (nl.
915 2791 977 2854 sico
993 2788 1181 2875 pugnabo):
1202 2788 1278 2853 inde
1292 2787 1374 2851 siem

290 2909 410 2955 nomen
432 2891 546 2958 datum
568 2901 632 2957 est.

297 3093 525 3161 Commentator
538 3107 624 3161 vetus
638 3095 769 3162 Horatii
782 3098 825 3162 ad
837 3121 958 3163 corruere
970 3098 1008 3162 de
1022 3109 1090 3164 arte
1098 3099 1232 3183 poetico,
1248 3121 1289 3163 rs.
1298 3100 1373 3165 ³54.

337 3244 529 3329 ‘Scriptor,'
552 3246 720 3326 librarius,
750 3249 947 3334 bibiiopols,
975 3249 1026 3313 nti
1056 3229 1183 3315 ¹veteres
1212 3247 1375 3324 dicebant,

295 3347 383 3428 quod
396 3355 431 3412 et
445 3349 655 3433 Tranquillus
668 3349 818 3417 affirmat.

776 3543 901 3610 Suidor.

339 3673 490 3759 Ἀσσάρια,
521 3674 626 3755 ὀβολοί.
670 3675 808 3760 Νοῦμμας
834 3681 972 3764 ὅπρὸηος
992 3676 1128 3756 βασιλεὺς
1145 3677 1220 3754 μετὰ
1236 3670 1379 3753 Ῥωμύλον

293 3759 443 3856 Ῥωμαίων
456 3773 590 3860 γεγονὼς,
610 3777 663 3840 ἀπὸ
678 3777 785 3865 σιδήρου
806 3781 853 3842 καὶ
874 3784 994 3867 χαλκοῦ
1007 3775 1173 3858 πεποιημένα
1185 3772 1382 3860 (νομίσματα)

298 3880 405 3960 πρῶτος
420 3875 578 3962 ἐχαρίσατο
594 3877 751 3962 Ῥωμαιοις,
766 3886 820 3944 τῶν
834 3882 885 3967 πρὸ
900 3878 1163 3945 ueteranorum
1182 3875 1316 3940 σκυτίνων
1330 3873 1381 3947 gari

299 3976 470 4061 ὄστρακίνων
490 3983 539 4056 τὴν
561 3979 664 4066 χρείαν
683 3980 867 4068 stupuimus,
883 3981 952 4070 ὅπερ
967 3979 1107 4062 ὀνόμασιν
1122 3980 1153 4040 irc
1175 3983 1223 4040 τοῦ
1239 3973 1303 4040 ἰδίου
1323 3971 1381 4038 o'ro'·

298 4101 389 4154 ματος
403 4076 534 4161 eripuere,
549 4079 584 4157 ὃς
599 4099 663 4166 φησι
682 4083 878 4168 Τρᾶγκυλλις.
