3114 4828
249 296 314 362 tto
698 311 729 356 o.
753 307 931 356 surtnoun

251 451 407 516 Senatum
435 447 560 511 tierent.
613 447 693 528 [18.]
725 445 875 530 Augendi
904 444 1177 530 propagandique
1207 447 1338 530 imperii

249 549 373 634 nequc⁸
389 547 560 629 voluntate
582 547 663 624 ulle,
684 567 791 631 neque
807 567 868 631 spc
882 555 995 610 motus
1010 547 1278 631 aequimodam
1294 569 1339 614 ex

251 651 424 714 Britannia
440 648 604 712 deducere
625 650 806 743 exercitum
821 648 1001 729 cogitavit:
1024 669 1086 714 nec
1102 650 1167 711 nisi
1183 667 1339 714 verecun-

250 751 317 822 dia,
327 769 369 814 ne
380 751 566 815 obtrectare
578 749 723 832 parentis
735 750 868 831 glorier
882 749 1055 826 rideretur,
1065 749 1204 814 destitit.
1237 749 1339 814 Ponti

249 851 349 915 modo
360 870 505 934 regnum,
516 850 716 916 concedente
726 850 931 928 Polemone,‘
940 852 1016 914 item
1026 849 1339 934 Alpium,defuneto

250 951 389 1029 Cottio,¹¹
410 953 444 1016 in
463 951 646 1035 provinciae
659 952 816 1016 formumv
839 952 973 1034 redegit.
1015 951 1098 1034 [ru]
1120 951 1339 1034 Peregrinati-

250 1070 331 1116 ones
340 1053 423 1117 duns
435 1055 568 1118 omnino
583 1054 743 1136 suscepit,
755 1051 1018 1116 Alexandrinum
1031 1059 1066 1115 et
1081 1050 1279 1117 Achaicam:
1288 1059 1339 1090 ¹⁰*

250 1153 309 1218 sed
333 1152 559 1218 Alexandrino
583 1155 657 1238 ipso
681 1153 898 1237 profectionis
922 1154 975 1216 die
998 1153 1135 1232 destitit,
1166 1155 1336 1218 turbatus¹

250 1253 406 1336 religione
418 1254 516 1318 simtd
536 1273 576 1318 oc
599 1254 761 1338 periculo.
805 1253 895 1318 Nem
918 1254 1086 1318 circuitis²
1107 1254 1241 1337 templis
1261 1275 1338 1320 cum

249 1355 282 1418 in
307 1355 381 1419 cede
402 1353 520 1420 Vestae
543 1353 735 1432 resedisset,
759 1355 966 1436 consurgenti
991 1355 1022 1417 ei
1046 1353 1186 1438 primum
1215 1355 1338 1421 lacinio

251 1456 410 1522 obhaesit:
433 1455 553 1520 deinde
567 1464 659 1521 tantu
674 1458 792 1522 obortu
802 1464 812 1503 ³
824 1456 930 1538 caligo
946 1461 1008 1534 est,
1023 1465 1060 1520 ut
1073 1457 1257 1540 dispicere¹
1271 1475 1336 1521 non

248 1562 376 1637 posset.
413 1556 452 1619 ln
469 1555 620 1622 Achnin⁴
633 1556 795 1621 Isthmum
811 1555 981 1639 perfodere
994 1575 1178 1639 aggressus,
1191 1557 1337 1640 praetori-

702 1771 834 1794 ΙΙΙΙΙΙ
836 1773 880 1792 m

248 1919 300 1966 -8
318 1919 369 1968 Nee
380 1918 425 1966 eu
437 1917 522 1967 Petis.
541 1915 607 1966 Edd.
624 1931 684 1966 erec.
704 1930 751 1966 xv.
770 1930 896 1978 sansost
910 1914 986 1966 Viud.
997 1920 1020 1965 t.
1051 1914 1115 1964 Tum
1133 1915 1162 1963 ds
1180 1913 1244 1964 Brit.
1260 1929 1339 1966 esere.

247 1985 328 2032 deduc.
340 1982 445 2044 Cup-tt
463 1979 570 2029 Giorioss
582 1981 679 2031 Medic.
689 1983 715 2031 8.
731 1981 808 2030 Petit.
823 1980 901 2028 vind.
918 1983 942 2029 2.
954 1979 1026 2028 Cort.
1037 1979 1101 2042 Cup.
1134 1978 1201 2027 Dein
1216 1979 1338 2032 Potomoss

249 2044 328 2096 vind.
347 2048 370 2092 1.
392 2045 480 2092 Putem.
501 2044 591 2107 comp.
624 2045 686 2093 Mox
707 2044 789 2093 Cottio
807 2050 835 2093 et
855 2043 924 2092 Catio
942 2043 1006 2091 Mes.
1028 2043 1126 2107 ntiquot
1142 2049 1169 2091 et
1189 2041 1256 2094 Edd.
1276 2044 1337 2094 Bet.

249 2107 332 2173 Lugd.
344 2106 405 2156 utu.
417 2106 566 2170 imputes.
580 2109 650 2156 Cotto
662 2108 711 2157 Ms.
728 2109 786 2156 Urs.
800 2109 886 2156 censio
901 2105 979 2156 Fonc.
990 2107 1079 2168 redigit
1089 2106 1187 2155 Medic.
1198 2111 1222 2156 2.
1236 2108 1338 2156 Duo.—

249 2177 282 2222 to
298 2171 413 2222 Aetates
428 2170 525 2220 Medic.
542 2175 566 2220 1.
585 2170 662 2219 Viud.
683 2175 706 2220 1.
725 2171 811 2220 Perit.
827 2170 893 2219 Edd.
911 2171 1000 2232 Cump.
1020 2170 1089 2218 Med.
1107 2170 1174 2219 Ven.
1192 2169 1338 2221 Acciits'csn

248 2236 317 2285 Dun.
350 2235 414 2283 Tum
425 2234 613 2283 Alexandrinam
624 2234 728 2283 Momm.
739 2234 836 2284 Medic.
853 2233 932 2283 Potit.
949 2233 1026 2282 vind.
1039 2238 1062 2283 1.
1083 2233 1197 2282 Heriem.
1208 2234 1264 2284 Pet.
1276 2241 1300 2284 1.
1311 2239 1338 2285 2.

248 2299 334 2348 Perit.
351 2299 418 2347 Edd.
429 2297 632 2359 Vett.exceptis
644 2297 719 2348 Rom.
739 2313 791 2348 sec.
811 2299 877 2347 Bon.
893 2297 955 2346 Bes.
976 2295 1060 2346 Potor.
1079 2298 1126 2346 dm.
1143 2299 1251 2348 dedititii
1270 2299 1337 2362 conj.

248 2363 312 2427 an.
323 2363 388 2412 sicut
399 2371 439 2411 est
453 2363 478 2410 in
490 2361 578 2410 Noun.
589 2361 653 2411 Cod.
670 2376 750 2425 msrg.
768 2361 831 2411 Ant.
847 2361 872 2411 (t
904 2361 992 2425 piu-l
1011 2361 1142 2410 Eeturiut.
1156 2361 1229 2411 Hnts.
1244 2363 1338 2412 Metiet

249 2428 320 2490 Lipt.
332 2428 446 2474 turdutrts.
481 2426 546 2474 Dein
563 2425 633 2474 edati
650 2427 720 2487 rettg.
738 2427 805 2475 Dun.
826 2425 876 2474 Vin
896 2428 940 2474 .1.
960 2423 1056 2474 Medic.
1068 2429 1091 2474 2.
1105 2425 1220 2474 Heriem.
1231 2435 1260 2475 et
1271 2426 1337 2476 Edd.

249 2499 310 2540 sote
321 2488 430 2538 Csuub.
441 2493 465 2538 et
474 2489 547 2550 peric.
560 2489 657 2538 Medic.
667 2495 692 2540 1.
703 2490 767 2552 Cup.
779 2491 887 2539 Notsvit
898 2489 969 2552 Lips.
981 2489 1007 2537 in
1019 2503 1063 2538 ors
1072 2488 1136 2538 Cod.
1147 2490 1217 2550 relig.
1227 2505 1256 2539 ne
1265 2491 1338 2542 nuu-

248 2555 355 2604 σοῖο-1
371 2554 477 2602 Memor.
496 2551 636 2616 circumitis,
654 2562 683 2602 nt
700 2553 798 2603 Medic.
809 2557 834 2602 t.
846 2552 926 2602 vind.
943 2557 968 2602 2.
987 2553 1060 2602 cort.
1080 2553 1183 2615 possim.
1204 2556 1264 2603 Cest
1276 2563 1337 2605 snts

248 2617 304 2667 cire.
312 2616 408 2666 trabem
419 2613 485 2665 Edd.
493 2614 527 2665 0.
539 2625 600 2664 note
612 2615 722 2666 Οιοοιὼ.
733 2624 761 2665 et
773 2618 837 2666 diss.
849 2617 933 2675 multi,
944 2615 988 2665 sed
1002 2616 1107 2666 Merum.
1115 2615 1212 2666 Medic.
1223 2621 1247 2666 t.
1258 2618 1336 2670 Viud.

248 2685 273 2730 Β.
285 2680 358 2731 Curt.
372 2680 446 2730 Huic.
458 2680 568 2729 essent.
581 2677 680 2729 issent.
714 2680 845 2730 litoxdeiu
865 2689 917 2729 tres
936 2679 1033 2728 Medic.
1051 2679 1129 2728 Potit.
1148 2680 1207 2743 Cuj.
1227 2683 1337 2730 Voss.-

248 2748 263 2794 8
281 2744 324 2794 ltu
335 2745 440 2795 Merum.
451 2743 548 2792 Medio.
560 2748 582 2792 l.
601 2744 678 2792 Vind.
690 2748 714 2793 t.
727 2745 800 2794 cort.
814 2743 871 2807 an.
882 2745 958 2793 Voss.
968 2757 1026 2794 cnm
1044 2743 1111 2792 Edd.
1123 2743 1213 2808 steph.
1226 2747 1336 2796 essent.

248 2808 333 2858 Grec.
344 2811 392 2856 sc.
411 2807 560 2872 prebentib.
577 2808 647 2857 Otrd.
663 2809 724 2857 Eru.
759 2807 791 2856 lu
802 2807 898 2857 ceteris
916 2812 1005 2861 coorto,
1017 2809 1085 2871 qnod
1098 2809 1229 2856 revocavit
1247 2809 1335 2859 Burro.

249 2872 316 2921 Dein
326 2873 410 2934 respic.
422 2887 437 2920 s
448 2871 537 2921 Grec.
556 2879 584 2919 et
603 2871 673 2921 Oud.
694 2881 837 2933 receptum,
854 2880 894 2921 est
910 2871 935 2918 in
947 2871 1012 2920 Mes.
1031 2871 1063 2919 0.
1075 2879 1171 2934 prester
1182 2873 1266 2922 Perit.
1276 2888 1337 2922 uec-

247 2947 299 2983 non
311 2935 376 2984 Edd.
389 2944 485 2999 preter
503 2935 574 2983 Rom.
586 2935 647 2984 Por.
660 2935 719 2984 lies.
732 2935 840 2999 Grgptu
852 2937 940 2984 Ptsnt.
957 2934 1055 2983 Settitd.
1074 2939 1123 2984 dec.
1157 2935 1274 2986 Alterum
1291 2938 1335 2984 de·

247 2995 356 3047 tendunt
375 2999 463 3048 Bnrm.
483 2999 545 3046 Ero.
562 3002 590 3046 ot
607 3001 671 3060 desp.
687 3015 733 3048 nou
752 3005 811 3048 esset
829 2999 896 3046 Edd.
908 2996 1022 3058 Arg-t
1040 2999 1071 3046 Iu
1082 3000 1142 3048 dett.
1153 3001 1214 3049 esim
1225 3001 1303 3048 vind.
1315 3005 1336 3050 1.

248 3061 309 3110 tet.
320 3067 356 3112 est
372 3063 439 3112 Dun.
451 3061 509 3123 euj.
521 3061 596 3110 Voss.
609 3062 674 3110 Edd.
689 3063 761 3112 Rom.
772 3067 798 3112 tn
810 3063 925 3112 Atinium
937 3061 1004 3111 Veu.
1017 3062 1177 3122 Medsodere
1189 3063 1265 3113 vind.
1278 3070 1335 3114 1.-

739 3255 845 3308 NOTAE
932 3255 936 3264 “

278 3383 287 3413 ²
303 3379 438 3444 Petemout]
454 3383 587 3433 'Pontum
608 3383 633 3431 iu
647 3383 691 3447 jus
712 3397 769 3447 pro-
813 3383 962 3448 magistratu
980 3383 1093 3434 Romsno
1110 3385 1333 3436 administrandum

248 3457 339 3506 viucisr
370 3458 517 3507 Polemonis
541 3458 622 3522 reguli
645 3461 770 3524 permissu
811 3458 1333 3527 v0t11t1,uttngostosmmmmm.

186 3544 192 3560 ¹
247 3531 384 3596 redegit,s
399 3547 449 3597 qno
462 3533 655 3584 Polemoniacus
671 3535 770 3584 Pontus
810 3549 868 3598 cop.
881 3539 920 3584 18.

246 3608 392 3671 sppeitetus
408 3607 466 3662 est‚’
480 3608 562 3671 inquit
580 3607 699 3658 Aurelius
709 3611 770 3660 Vic-
841 3617 858 3641 '
874 3608 1012 3672 deiciam]
1030 3611 1069 3660 Dc
1082 3610 1180 3661 Aehnin
1190 3613 1215 3662 in
1229 3613 1333 3666 Tiberio

248 3679 325 3732 turin
342 3680 454 3731 Nerone.
488 3683 586 3732 Pontus
603 3682 673 3733 Asin
691 3685 773 3734 miuo-
809 3689 963 3748 cammite.

246 3756 282 3805 ris
294 3755 374 3817 tegio,
387 3771 443 3820 qun
456 3755 530 3805 hodie
542 3758 663 3806 Asutotto.
840 3765 853 3790 ¹
868 3759 1003 3823 Dispicite]
1031 3759 1081 3810 tm
1102 3762 1226 3826 despicere.
1259 3763 1333 3815 Tuci·

279 3837 290 3862 ⁸
309 3829 400 3892 Cottio]
415 3828 440 3879 A
456 3843 507 3894 quo
525 3829 606 3896 Alpes
621 3832 714 3883 Cottiae
726 3848 770 3896 sp·
809 3841 850 3882 tus
862 3833 972 3883 sititet
985 3849 1032 3898 per
1049 3851 1137 3886 omues
1149 3847 1220 3888 ortus
1235 3845 1332 3890 tremu-

248 3903 360 3964 petiere,
379 3919 441 3968 ques
461 3905 505 3954 etii
522 3907 656 3970 sppettsnt
674 3907 770 3957 Monte·
807 3909 865 3959 isse.
897 3910 939 3958 De
962 3909 1069 3959 comitio
1089 3910 1243 3975 periodendi
1263 3915 1332 3964 lettr-

246 3977 292 4038 sis,
304 3977 348 4025 stii
359 3977 524 4040 Moageneire.
807 3984 912 4045 mi‚jsm
924 3997 1003 4045 supro
1014 3983 1039 4032 iu
1052 3983 1168 4050 catigeta
1180 4002 1238 4052 esp.
1253 3991 1293 4037 tr.
1304 4001 1332 4039 et

281 4057 290 4081 ¹
307 4053 337 4101 tr
347 4055 474 4118 muscia
483 4055 599 4120 formum]
616 4059 674 4109 Hoc
694 4066 742 4118 est,
754 4072 769 4107 s
807 4059 860 4110 Jot.
873 4073 930 4122 cup.
941 4062 982 4107 tt.
