3094 4828
240 327 307 392 utu
672 335 905 391 maumonii
944 340 950 354 ¹
976 292 982 303 ⁵

243 503 344 568 super
358 489 502 548 veteram
517 482 665 564 segnitie
688 489 811 558 notam,
833 480 1007 546 ebrietatis
1023 497 1157 563 qnoque
1176 483 1210 543 et
1231 479 1337 544 aleae⁹

242 585 411 648 infamiam
427 583 541 648 subiit.
585 580 646 664 [6.]
669 581 752 646 Cum
767 582 936 657 interim,¹0
951 597 1144 663 quanquam
1159 579 1223 643 hoo
1237 579 1336 642 inodo

243 687 367 766 agouti,
397 700 566 764 nunquam
594 688 653 746 aut
681 681 824 745 officium
853 681 1034 757 hominum,
1063 689 1123 744 aut
1151 681 1339 744 reverentia

243 787 378 868 publica
399 781 517 847 deluit.
562 781 725 880 Equester
749 779 832 845 ordo
856 783 910 845 bis
932 790 1112 863 patronum
1136 799 1212 844 eum
1233 779 1338 864 perse·

242 886 350 950 reudae
374 905 434 969 pro
456 903 493 948 se
515 884 693 966 legationis
714 883 832 962 elegit:
854 883 969 960 semel,
994 903 1071 948 curn
1095 881 1338 966 deportandum

245 985 387 1051 Romam
409 1005 532 1067 corpus
547 980 709 1065 Augusti*
730 984 876 1047 humeris
897 985 968 1048 suis
989 993 1029 1048 a¹
1056 984 1255 1050 Consulibus
1278 999 1339 1045 ax·

242 1092 437 1169 poscerent3
454 1087 583 1162 iterum,
600 1103 673 1148 oum
689 1103 885 1167 oppressum
901 1081 1081 1168 Sejannm¹¹
1097 1084 1188 1166 apud
1200 1083 1338 1148 eosdem

243 1189 496 1270 gratularentur.
541 1185 633 1264 Quin
644 1192 678 1249 et
687 1185 890 1269 spectaculis
902 1186 1088 1250 advenienti
1103 1203 1287 1267 assurgere,
1303 1188 1338 1248 at

244 1289 419 1352 lacemas²
436 1284 618 1369 deponere¹
641 1287 802 1350 solebant.
846 1286 1153 1370 Senatus-quoque,
1167 1294 1205 1350 ut
1219 1286 1262 1350 ad
1277 1305 1338 1349 nu·

244 1408 369 1452 morum
387 1388 554 1451 sodalium
569 1386 842 1468 Augustaliumm
866 1394 956 1452 sorte
980 1387 1155 1452 ductorum
1175 1393 1271 1452 extra
1285 1406 1338 1451 or·
1360 1443 1365 1454 .

244 1488 355 1552 dinem
379 1487 600 1572 adjiceretur,³
625 1487 771 1550 censuitr
792 1493 825 1550 et
847 1506 940 1564 mox,
965 1493 1002 1550 ut
1026 1487 1144 1551 domus
1168 1489 1212 1563 ei,
1238 1506 1338 1569 quarn

245 1589 400 1652 incendio
415 1589 581 1662 amiserat,
596 1587 732 1669 publica
753 1587 904 1669 impensu
918 1588 1155 1663 restitueretur,
1171 1588 1338 1652 dicendae·

244 1709 310 1772 que
331 1690 417 1753 inter
433 1687 657 1753 Consulares¹¹
680 1689 856 1752 sententias
877 1689 935 1772 jus
957 1697 1059 1752 esset.
1103 1687 1208 1767 Quod
1228 1689 1339 1752 decre·

697 1866 773 1886 m
776 1865 879 1886 umet

243 1997 306 2046 bono
322 1999 388 2046 orodo
407 1999 484 2056 doato,
499 1998 576 2046 ruodo.
599 1997 671 2046 Cort.
689 1996 767 2046 vind.
785 2003 810 2047 1.
829 1999 973 2048 rotarioro:
990 2001 1056 2047 ruodo
1071 1999 1145 2057 dont,
1161 2003 1243 2048 rra-9
1259 1997 1338 2046 Vind.

248 2061 363 2112 Hrrlrm.
381 2061 463 2110 Porio·
475 2075 532 2110 curn
553 2059 619 2108 lidd.
637 2061 729 2123 prirclr
747 2063 809 2114 dant
825 2064 893 2112 ola-rt
904 2063 936 2112 ol.
948 2079 1015 2125 quoq.
1028 2062 1076 2111 Ed·
1086 2061 1160 2112 lunt.
1169 2061 1339 2122 insontior.-

245 2129 277 2173 10
293 2125 380 2173 Brenn
392 2131 420 2173 et
432 2123 508 2174 Woii.
523 2124 571 2172 lroc
590 2137 689 2173 comma
707 2125 833 2186 superiori
851 2127 931 2184 orniti
949 2135 1094 2175 attexuero.
1129 2127 1160 2175 lu
1178 2141 1259 2186 innon.
1278 2127 1340 2172 dut.

246 2187 348 2252 Grypo.
367 2197 407 2236 est
424 2188 463 2236 oui
479 2188 525 2235 irrt.
544 2186 612 2250 qnod
630 2189 716 2300 gisnei
731 2190 839 2252 Buurng.
872 2191 937 2238 Tum
951 2191 1041 2252 publico
1055 2190 1162 2238 Mamur.
1175 2196 1229 2237 trer
1241 2189 1339 2238 Medio.

245 2251 393 2301 Furiosum
406 2249 483 2301 duob.
494 2251 569 2298 Torr.
582 2265 628 2313 pro
648 2264 709 2302 ante
725 2253 787 2301 Eru.
801 2253 900 2316 publico
916 2255 985 2304 Duo.
1018 2254 1085 2302 ltetu
1102 2267 1180 2314 perro
1192 2254 1339 2301 Porrecto!

246 2317 307 2380 offic·
317 2315 479 2366 Heriem-i
496 2313 588 2363 Edidit
603 2314 674 2363 Oud.
685 2315 715 2364 ob
728 2317 798 2366 Coae.
815 2317 866 2366 tide
879 2316 975 2367 Medio·
985 2321 1010 2366 1.
1020 2321 1045 2366 t.
1057 2315 1135 2366 vind.
1148 2321 1171 2366 2.
1182 2318 1254 2366 Cort.
1264 2317 1339 2364 Vorr.

247 2389 274 2428 et
294 2395 374 2442 marg.
389 2380 463 2427 Torr.
495 2377 588 2426 Deine
635 2385 724 2428 terrm
743 2388 872 2430 tentantur
891 2381 954 2428 Mur.
969 2380 1002 2430 0.
1018 2380 1079 2443 (uiri
1097 2381 1163 2444 quod
1181 2381 1206 2428 in
1219 2380 1297 2429 Viud.
1314 2383 1340 2428 1.

246 2443 323 2492 liulr.
336 2445 369 2492 sit
381 2440 525 2505 exportaret)
537 2450 565 2491 et
576 2442 598 2490 E
618 2442 642 2490 d.
654 2449 716 2492 aute
728 2443 836 2494 Curnob.
847 2443 891 2508 nul
902 2449 1073 2506 amoenetur.
1100 2445 1163 2492 'l'unr
1177 2446 1340 2504 grotuloretar

246 2507 351 2561 Mamur.
371 2506 467 2555 Medio.
480 2505 556 2554 vind.
576 2505 655 2556 Polit.
675 2507 747 2556 Cori.
767 2507 823 2570 Cuj.
839 2507 914 2557 Voss.
933 2508 999 2556 itud.
1016 2507 1127 2556 Cornub.
1144 2507 1240 2556 Soliild.
1258 2507 1340 2557 Goon.

247 2569 317 2620 Ond.
327 2571 492 2634 eliaeque-2
508 2569 629 2620 homor
642 2571 749 2620 Memor.
760 2571 857 2621 Medio.
867 2572 940 2620 Vorr.
953 2572 1017 2634 Con.
1029 2571 1143 2620 Heriem.
1158 2572 1217 2634 cuj.
1235 2574 1341 2620 tuemur

247 2635 361 2684 vindi.
379 2635 488 2683 etdeert
501 2633 567 2683 uod.
581 2633 655 2684 Rom.
688 2634 757 2685 tren
767 2636 854 2684 autu
867 2642 941 2686 extat
953 2636 978 2682 in
994 2635 1058 2684 Mun.
1074 2634 1131 2684 fere
1148 2635 1181 2684 0.
1197 2649 1254 2684 euru
1272 2633 1339 2684 Edd.

248 2698 321 2746 Rom.
331 2699 404 2749 Juut.
415 2697 527 2747 corruo.
540 2705 568 2746 et
579 2712 652 2761 reqq.
663 2707 774 2762 exceptu
785 2700 922 2748 Burin-8
939 2699 1096 2750 Addiceretur
1105 2699 1202 2748 Medic.
1213 2705 1237 2749 2.
1251 2701 1339 2748 Nonn.

248 2761 316 2813 Edd.
327 2763 390 2812 Veu.
402 2761 468 2812 Bon.
481 2763 562 2825 Lngd.
575 2763 649 2814 lunt.
664 2761 725 2813 Ald.
742 2761 806 2826 Arg.
818 2763 882 2813 Aut.
893 2762 995 2827 Grypu.
1006 2778 1063 2813 cum
1076 2764 1174 2828 aliquot
1184 2763 1254 2812 librir
1266 2763 1340 2812 Torr.

738 2923 845 2974 NOTAE

281 3018 288 3052 ¹
304 3019 395 3081 Corpur
404 3015 523 3078 Augorti]
542 3016 574 3065 lu
585 3015 704 3080 Angusto
715 3031 773 3080 erp.
812 3032 861 3067 na.

249 3099 305 3145 llll.
738 3103 740 3106 ·
844 3101 861 3126 ¹
886 3093 1006 3143 Sodolr'm
1028 3093 1207 3158 ingerentium]
1235 3095 1258 3144 ii
1280 3103 1341 3146 runt

280 3167 292 3202 ⁸
309 3165 431 3229 Selom]
447 3166 478 3217 lo
488 3164 593 3216 Tiberio
603 3165 636 3214 ud
646 3180 707 3229 eun.
717 3171 758 3219 15.
813 3169 973 3229 rtoerdoter,
981 3185 1044 3235 quor
1053 3171 1170 3219 Tiberius
1180 3171 1258 3222 ,latin
1267 3173 1340 3233 genti

281 3242 421 3294 tueamur
443 3240 566 3306 deponere]
594 3241 691 3300 llnruru
713 3257 774 3292 uror
813 3253 968 3308 tremeret,
1001 3245 1033 3295 nd
1061 3247 1206 3310 exemplum
1230 3247 1340 3296 Romuli.

249 3320 283 3371 ab
300 3319 418 3382 linguato
435 3317 580 3381 prohibitur
595 3315 732 3380 iuerrt‚ot
748 3319 774 3368 iu
816 3323 914 3373 llorum
936 3325 1051 3375 meminit
1071 3333 1099 3374 at
1125 3325 1233 3374 'seritur
1252 3325 1297 3375 lib.
1320 3339 1341 3375 ι.

249 3397 305 3460 ejus
322 3397 376 3445 rite
395 3409 452 3458 erp.
468 3397 509 3443 tt).
540 3393 594 3444 Sub
613 3395 670 3443 alliu
686 3402 773 3445 tumen
813 3396 908 3447 Annal.
929 3399 1021 3448 ‘idem
1042 3415 1122 3450 annuo
1143 3399 1199 3464 (qni
1225 3404 1283 3450 761.
1307 3403 1340 3450 alr

248 3471 452 3534 imperatorium
470 3469 774 3533 doemoniorum
814 3472 848 3521 U.
871 3473 914 3538 C.)
942 3489 1022 3523 norro
1049 3476 1207 3523 cerimoniur
1229 3477 1340 3540 nooeplt,

249 3547 372 3610 paulatim
384 3547 408 3594 in
417 3544 613 3596 desuetudinem
625 3544 704 3594 obiit:
722 3547 774 3610 pti·
814 3547 903 3597 oddito
919 3549 1044 3600 rodolium
1055 3548 1233 3612 Angrrrtrllurn
1249 3549 1341 3600 Sacer·

247 3621 367 3672 oronaim
379 3620 526 3669 rnraelrrtur
541 3627 641 3670 tanturn
657 3618 688 3667 ud
706 3620 773 3668 ralu·
814 3622 928 3682 dotiu,nt
939 3625 1067 3688 quondum
1074 3625 1105 3674 Τ.
1115 3624 1217 3687 Tutini,
1229 3628 1341 3677 retinen·

249 3695 361 3744 totiouor
379 3692 515 3758 officiaque
532 3693 705 3758 ejurroodl,oo
718 3701 773 3744 tan·
814 3698 855 3746 dir
870 3699 1022 3748 Sabinorum
1040 3700 1129 3760 nerlu,
1144 3701 1246 3750 roduler
1256 3703 1340 3752 Tition

248 3771 308 3820 dent
320 3769 421 3820 nonnisi
437 3771 463 3819 in
476 3768 620 3832 judicando
637 3775 681 3818 aut
699 3782 773 3832 pero·
813 3773 973 3834 instituunt,
987 3781 1058 3823 rorte
1075 3775 1146 3824 ducti
1159 3791 1173 3824 e
1184 3777 1339 3840 primoribus

247 3844 338 3895 tundo·
356 3843 774 3908 Hujutlmltcfflltsslebwlur,
814 3851 929 3900 civitatis
951 3865 1016 3899 unrrr
1036 3858 1063 3902 et
1085 3853 1193 3916 viginti?
1227 3856 1269 3904 De
1289 3869 1340 3919 quo

249 3920 428 3985 qoe,ctrudtt
446 3926 571 3981 tenpore,
582 3919 771 3970 introeuntibus
813 3925 906 3974 iteruru
922 3923 968 3974 lib.
980 3939 1012 3974 rr.
1028 3925 1071 3976 not
1083 3928 1199 3978 nonnihil
1216 3943 1232 3980 r
1248 3943 1276 3980 re
1291 3927 1341 3980 tti-

248 3997 407 4062 prinoipilrnr
418 3996 478 4045 ririr
488 3996 590 4045 honoria
604 4009 682 4044 crure
692 3995 772 4060 depo·
812 3999 880 4050 terre
892 4001 1005 4052 ridetur.

250 4071 772 4134 ritnrituetDeorornturipenultrex-
844 4083 856 4110 ²
880 4075 1031 4139 &nutoul
1057 4077 1100 4130 De
1120 4079 1210 4129 ordino
1232 4079 1340 4144 rogandi

249 4147 355 4207 nebant,
366 4164 424 4213 que
434 4148 514 4198 terme
531 4147 629 4198 rodem
645 4161 676 4197 oo
692 4148 773 4198 lucer·
814 4153 957 4204 sententiar
968 4153 996 4202 in
1006 4151 1117 4204 Juliord
1128 4167 1186 4218 erp.
1197 4157 1237 4205 at.
