3090 4824
250 318 316 385 842
674 335 706 382 o.
730 331 909 381 soarourr

249 477 362 563 pullos
381 475 567 540 cumesses*
589 474 781 558 adoptionis
797 475 863 552 die,
884 493 992 557 neque
1014 473 1135 540 milites
1150 473 1339 540 allocuturo

250 577 449 644 castrensem
463 577 579 642 sellam
591 583 609 612 '
629 576 669 640 de
684 596 773 641 more
787 577 930 660 positam
944 593 1004 658 pro
1019 575 1186 653 tribunali,
1198 575 1338 642 oblitis‘

249 679 418 754 ministris,
433 679 510 742 etin
525 678 651 742 Senatu
668 680 839 743 curulem¹
854 696 1007 762 perverse
1023 677 1234 742 collocatam.
1255 673 1340 760 [lu]

250 777 352 847 Prius
384 786 485 856 ιοιο,Ι
508 796 609 862 quam
627 779 838 850 occideretur,
861 777 1101 843 sacrificantem
1122 798 1221 843 mane
1240 779 1339 844 barn·

250 887 361 963 spes!
382 879 561 944 identidem
586 881 724 956 monuit,
751 886 883 946 caveret
910 879 1113 963 periculum:
1149 899 1213 944 nou
1240 881 1338 962 longe

249 1000 458 1064 percussores
487 983 617 1044 abesse.
663 980 765 1044 Haud
793 981 900 1044 multo
928 986 1006 1062 post
1030 981 1211 1062 cognoscit,
1234 983 1339 1046 teneri

248 1088 384 1146 castra¹
405 1082 450 1146 ab
465 1080 634 1146 Otboncs⁴
654 1101 694 1146 uo
708 1081 894 1165 plerisque,
908 1088 947 1145 ut
960 1080 1078 1146 eodem
1094 1083 1338 1166 quamprimum

250 1189 411 1264 pergeret,
427 1182 658 1260 suadentibus,
673 1185 790 1266 (posse
801 1183 887 1246 enim
905 1183 1103 1246 auctoritate
1114 1190 1148 1247 et
1161 1182 1339 1264 prasentia

249 1279 457 1364 praevalere)
478 1283 559 1347 nibil
576 1284 732 1366 amplius,
747 1303 845 1366 quam
860 1283 1027 1347 continere
1042 1301 1090 1358 se,
1105 1283 1228 1358 statuit,
1243 1286 1277 1346 et
1289 1283 1339 1347 ie·

250 1384 497 1465 monariorum·
519 1387 645 1451 firmare
657 1386 835 1469 praesidiis,
847 1387 907 1469 qui
920 1385 1133 1451 multifariam
1146 1385 1339 1469 diverseque

250 1485 443 1550 tendebant.
494 1489 648 1553 Loricam
674 1497 782 1553 tamen
812 1489 919 1553 induit
948 1485 1112 1565 linteam,lt
1146 1506 1338 1573 quanquam

250 1582 337 1648 baud
354 1587 578 1667 dissimulans,
603 1609 721 1672 parum
746 1590 905 1653 adversus
924 1595 976 1653 tot
996 1607 1169 1652 mucrones
1192 1586 1339 1670 prolutu-

250 1703 331 1751 ram.
374 1687 440 1752 Sed
464 1697 659 1754 extractus5
680 1693 868 1756 rumoribus
898 1690 1005 1767 falsis,
1032 1709 1117 1774 quos
1143 1688 1339 1772 conspirati,

250 1795 286 1851 ut
309 1807 385 1852 eum
408 1791 440 1853 iu
459 1790 652 1873 publicum⁶
672 1791 841 1870 elicerent,
865 1791 906 1855 de
931 1791 1094 1855 industria
1115 1789 1340 1873 dissiparunt,e

704 1969 850 1990 0000000000
852 1971 882 1990 u

250 2079 338 2128 Bnrrn.
346 2094 395 2130 neo
408 2083 516 2132 mutauit
529 2083 645 2135 oon-a
658 2087 735 2136 obliti
742 2089 898 2138 Merum—8
919 2089 980 2138 Vero
991 2085 1088 2136 abesta
1099 2084 1183 2134 Pesla.
1194 2085 1257 2133 bias.
1266 2083 1339 2132 Torr.

249 2151 277 2192 et
285 2143 349 2192 Edd.
359 2144 435 2196 Rom.
452 2149 522 2196 Dein
531 2151 676 2214 samflenats
685 2152 764 2201 Polis.
777 2151 843 2202 Edd.
854 2152 994 2203 illudunt.
1004 2151 1087 2214 Lugd.
1098 2150 1160 2212 Arg.
1169 2148 1339 2212 arapsxlloss.

181 2235 184 2242 ·
249 2211 298 2255 -t
316 2207 354 2258 Ab
367 2209 409 2258 Oi.
419 2217 476 2260 cust.
489 2213 585 2262 Medic.
599 2219 621 2262 l.
655 2217 719 2264 Mos
730 2217 790 2265 sitii
802 2229 851 2264 nou
870 2223 1002 2279 comparet
1020 2217 1045 2264 in
1057 2216 1135 2263 Foco.
1148 2214 1238 2262 relicto
1248 2212 1340 2275 spatio.

249 2267 477 2333 tumultuabant
490 2291 536 2339 pro
551 2280 663 2327 rena-c
683 2281 807 2328 Extincts's
817 2280 895 2329 Vind.
914 2283 936 2328 i.
970 2281 1066 2330 Postea
1076 2279 1220 2340 ssaspimii
1232 2276 1341 2325 Duc-'et

247 2333 311 2396 pubi.
322 2336 444 2397 objicerent
459 2340 536 2391 Foue.
569 2343 638 2392 Deio
649 2343 806 2406 disperserant
818 2359 883 2395 uuus
892 2345 967 2394 Tora.
978 2345 1120 2408 dissiparent
1130 2341 1235 2406 Cui-6
1251 2339 1340 2405 Aliqui

734 2491 841 2540 No'l'AE

281 2588 293 2611 '
313 2581 426 2631 Amisus
453 2583 578 2648 [rochus]
606 2585 694 2649 Atque
716 2585 775 2636 ideo
847 2585 1082 2648 dagonem]
1103 2584 1208 2634 Elector
1223 2596 1256 2632 ex
1276 2582 1339 2646 llly-

250 2667 302 2704 non
313 2657 519 2718 comedissc,oec
531 2659 624 2710 iecisse
635 2661 774 2724 tripudium
815 2663 869 2712 rico
880 2663 994 2714 exercito
1007 2661 1187 2712 verosimiliter
1201 2657 1341 2720 iutelligite
1406 2673 1410 2680 ·

249 2729 321 2791 illud,
332 2732 399 2794 quod
409 2732 537 2784 uocabant
549 2737 701 2796 collatinum,
709 2745 776 2786 crat·
814 2738 860 2787 lros
871 2739 938 2787 enirn
951 2739 1027 2801 paulo
1035 2745 1120 2787 antea
1131 2737 1240 2786 Nerone
1249 2747 1341 2784 croes-

249 2818 300 2869 qus
316 2807 457 2870 auspicium
473 2809 585 2860 connium
597 2813 729 2874 optimum,
746 2822 775 2863 at
814 2822 855 2864 tos
867 2814 947 2863 tradit
957 2813 1062 2864 Tacitus
1073 2825 1093 2861 r.
1107 2810 1205 2860 litator.

249 2881 276 2937 in
287 2881 344 2932 Tib.
355 2882 387 2931 ad
400 2887 490 2946 caps.
522 2884 575 2936 Alli
587 2889 676 2950 legunt
685 2890 775 2938 amins-
845 2888 858 2924 b
874 2889 983 2938 larium
996 2918 1037 2939 ...
1054 2885 1164 2948 iirstsaas]
1188 2881 1341 2947 Huiusmodi

249 2970 285 3017 ’θ’
303 2966 330 3006 et
341 2957 416 3008 bene.
813 2962 907 3013 lorium
918 2969 947 3013 et
957 2961 1025 3027 apud
1037 2960 1145 3010 (isacus
1157 2959 1182 3007 in
1194 2970 1240 3007 nau
1252 2955 1343 3018 tuisse,

281 3032 564 3098 semimasculum]
584 3037 776 3102 Sellamsingu·
814 3047 916 3090 constat
938 3053 970 3088 aa
991 3037 1092 3086 AEmilio
1113 3033 1200 3084 Probo
1222 3033 1247 3081 in
1270 3032 1342 3095 lpbi·

250 3105 355 3156 lisiocis
368 3110 585 3160 accommodatam
602 3103 775 3175 Imperatores
815 3122 897 3166 erate.
937 3116 996 3167 Qus
1017 3118 1102 3160 auteur
1123 3109 1222 3159 ratione
1240 3105 1343 3167 demut,

250 3179 378 3233 babebsnr
391 3185 414 3232 ln
427 3187 528 3242 castris,
545 3187 664 3246 incuria,
682 3191 706 3238 in
720 3191 776 3240 tirs-
814 3191 919 3255 eollsgit
932 3188 1099 3240 casaubonus
1115 3199 1147 3233 ca
1164 3183 1259 3234 Niseia
1274 3180 1342 3231 lico·

250 3263 317 3317 atro,
334 3257 358 3305 in
376 3259 432 3321 ipso
443 3259 569 3325 cubiculo,
586 3262 611 3310 in
623 3277 672 3327 qua
684 3264 775 3314 sedere
815 3268 911 3317 oritano
930 3265 995 3314 libro
1013 3275 1032 3311 r.
1049 3274 1133 3310 remur
1151 3259 1220 3308 lasci
1239 3255 1342 3319 Angeli.

250 3333 395 3383 neminisse
413 3343 482 3400 erat,
498 3344 525 3386 ut
546 3345 573 3387 st
589 3339 622 3388 de
639 3339 775 3390 Persarum
815 3341 900 3407 lluJus
920 3339 1034 3390 auctoris
1057 3337 1228 3387 testimonium
1249 3333 1342 3382 Latina

250 3410 354 3473 regibus
369 3411 394 3459 lu
409 3412 475 3463 Nes.
486 3413 517 3462 ad
530 3428 587 3478 cap.
598 3417 638 3465 bt.
658 3425 775 3468 notatum
815 3417 852 3466 sic
863 3419 950 3480 legar:
967 3415 1046 3477 ‘lpse
1058 3410 1192 3461 conradus
1204 3409 1342 3457 sinaseuto

251 3491 299 3532 ⁸⁸⁸·
818 3501 879 3542 trruc
896 3489 1046 3549 dimicabat,
1063 3487 1108 3536 sed
1125 3501 1172 3550 pro
1190 3486 1270 3534 lurica
1285 3490 1342 3532 tea·

281 3567 294 3594 ¹
311 3560 433 3623 Cursbsr]
451 3563 492 3612 De
504 3565 569 3614 sella
580 3566 662 3615 caruil
673 3567 699 3616 ic
708 3567 775 3633 Αιις.
816 3575 870 3618 turn
879 3565 1006 3630 quoddam
1019 3563 1163 3628 gestabare
1174 3562 1226 3611 liao
1235 3559 1342 3621 tactum,

250 3633 401 3696 'Mil-⁴⁸·
814 3637 1343 3702 sinoauateroprobaratitornacsratura,

282 3715 293 3752 ³
305 3709 448 3774 ΗΜ]
466 3711 618 3773 Umbritins,
627 3716 705 3780 Juxta
713 3719 774 3769 Plu·
815 3716 907 3780 sapius
917 3715 1069 3777 replicatum
1080 3728 1087 3761 s
1097 3710 1166 3776 quod
1176 3709 1278 3774 quide'nr
1286 3709 1342 3760 sals

250 3785 366 3836 tarcbnus
379 3787 406 3835 lu
417 3787 510 3849 Galba,
525 3798 553 3839 st
565 3790 692 3855 Taciturn,
704 3796 776 3845 ride·
816 3807 847 3843 ac
857 3793 916 3841 sino
927 3795 1056 3850 coactum,
1065 3787 1131 3837 adeo
1142 3785 1241 3835 brruura
1252 3783 1343 3834 adsar-

250 3869 294 3912 tur
303 3871 331 3913 st
342 3862 410 3913 idem
423 3863 466 3913 ilie
479 3879 546 3928 esre,
558 3865 591 3918 de
602 3883 653 3932 quo
663 3869 775 3920 Juvena-
816 3885 858 3920 sua
869 3869 935 3918 ictus
946 3876 1012 3926 arar,
1028 3871 1057 3915 ut
1068 3862 1199 3927 penetrari
1211 3861 1280 3911 nullo
1289 3861 1342 3911 talo

248 3937 281 3985 iis
290 3939 346 3989 Sat.
355 3951 398 3988 ιιι.
411 3937 510 3989 Plinius
519 3955 619 4008 quoque
631 3943 710 3994 liba.
719 3959 776 4009 esp.
816 3953 919 4008 posset:
937 3947 1108 3992 srautautsrn
1122 3938 1197 4000 buius
1208 3937 1275 3986 isati
1287 3937 1342 4000 pla·

249 4015 275 4060 ⁶·
815 4023 890 4086 peliae
902 4005 1058 4080 octodecim,
1072 4023 1100 4066 et
1111 4029 1142 4066 co
1154 4011 1258 4080 plures?
1415 4071 1418 4078 ,

281 4093 291 4118 ¹
308 4085 406 4148 Coun]
424 4089 709 4160 Pretoriasciiieat,de
720 4097 775 4162 qni·
846 4092 1040 4158 tliisss'pnruut]
1059 4091 1109 4142 lilii
1120 4090 1289 4154 diepam.
1305 4089 1344 4142 U·

250 4161 298 4212 bus
309 4161 334 4212 ill
343 4163 400 4214 Tib·
410 4163 441 4213 td
454 4177 510 4230 cap.
521 4171 561 4216 87.
816 4179 934 4236 itumque
946 4169 1021 4220 bene.
