3104 4830
256 335 322 401 8911
566 343 599 390 0.
620 340 664 390 SU
672 339 799 390 B'l'ONll
824 335 1040 386 vinateriis·

258 491 389 566 faeiem,
415 505 497 552 neve
526 469 762 562 summitterem
784 480 982 565 quibusdam
1013 483 1160 544 stercore
1187 481 1223 544 et
1251 491 1349 542 eoeno

259 591 519 666 incessantibus,
532 587 608 652 aliis
623 583 886 651 ‘incendiarium
896 581 944 631 '⁴¹
960 585 1015 648 et¹
1028 577 1232 662 patinarium
1244 576 1275 624 '³
1291 597 1350 646 ru-

213 709 215 714 ·
260 693 487 768 efferentibus,
501 695 592 772 parte
610 687 701 768 vulgi
726 685 827 750 etiam
849 683 1000 766 eorporis
1015 681 1096 746 vitia
1116 681 1350 763 exprobrante,

259 794 440 868 (eratenim
455 793 489 854 in
504 809 546 854 ee
568 787 713 852 enormis
733 785 931 870 proceritas,
946 782 1051 848 facies
1069 780 1192 850 umida
1203 781 1350 864 *plerum-

261 915 326 978 que
340 913 386 958 ex
401 892 605 967 vinolentie,⁵
619 894 732 954 venter
741 888 875 964 obesus,
890 886 1031 950 aiterum
1048 883 1153 950 femin
1167 883 1351 962 subdebile,

261 995 410 1080 impulsu
424 993 504 1062 olim
520 989 702 1075 quadrigae,
717 1007 793 1053 cnm
809 984 973 1069 auriganti
987 983 1071 1050 Caio
1093 985 1349 1052 ministratorem

259 1091 463 1177 exhiberet)
485 1092 614 1158 tandem
639 1089 729 1174 apud
751 1087 953 1155 Gemonias*
977 1085 1206 1154 minutissimis
1227 1085 1351 1151 ictibus

259 1196 518 1262 excarnificatus
533 1201 632 1278 atque
645 1189 840 1258 coniectus⁶
855 1197 919 1267 est,
936 1193 971 1258 et
986 1187 1063 1254 inde
1080 1205 1167 1252 unco
1180 1193 1304 1252 motus
1318 1186 1351 1252 iu

261 1298 422 1364 Tiberim.
464 1295 543 1377 [le]
564 1295 668 1360 Periit
678 1313 755 1358 cum
765 1293 864 1358 fratre
877 1298 913 1358 et
927 1291 1008 1368 tilio,
1018 1309 1105 1356 anne
1116 1289 1194 1354 vitre
1209 1290 1351 1372 septimo

261 1407 317 1463 et?
338 1398 678 1482 quinquagesimum·
698 1413 760 1458 nee
775 1393 894 1458 fefellit
908 1391 1122 1476 conjectura⁸
1147 1410 1274 1467 eorum,
1288 1389 1347 1474 qui

263 1503 414 1583 augurio,
429 1497 520 1583 quod
542 1497 665 1562 saelum
680 1498 736 1562 ei⁹
752 1493 917 1559 Viennaeb
942 1493 1159 1570 ostendimus,
1172 1511 1240 1556 uun
1256 1492 1350 1556 aliud

262 1600 414 1682 portendi
430 1599 664 1683 praedixerant,
679 1616 777 1682 quarn
789 1603 962 1662 venturum
978 1597 1012 1660 in
1024 1595 1167 1680 alicujus
1183 1592 1352 1658 Gallicani

263 1702 403 1766 hominis
429 1705 648 1786 potestatem:
670 1700 836 1782 siquidem
859 1699 902 1763 ab
922 1696 1073 1764 Antonio
1092 1695 1220 1772 Primo,
1237 1693 1354 1758 adrer-

261 1823 373 1870 snrum
388 1805 529 1886 partium
550 1801 646 1876 duce,
659 1819 845 1884 oppressus
865 1805 928 1875 est,
943 1798 998 1864 cni
1019 1797 1157 1864 notosae
1179 1803 1259 1868 neto
1273 1816 1350 1879 eog-

262 1922 381 1968 nomen
411 1905 444 1968 in
473 1904 614 1990 pueritie
641 1899 800 1965 Becco¹⁰⁶
827 1899 945 1966 inerat.
990 1899 1030 1964 Id
1060 1898 1149 1964 valet
1177 1897 1353 1979 gallinacei
1412 1901 1416 1910 '

175 2029 178 2034 ·
262 2011 415 2070 rostrum.

721 2099 900 2122 000000000000

264 2216 313 2266 nisi
324 2215 393 2280 quod
404 2217 429 2265 in
441 2229 491 2265 una
502 2225 547 2270 aut
564 2218 644 2267 altera
661 2217 825 2267 emeda-⁴
843 2215 991 2266 laceadiaer.
1010 2213 1109 2264 Medic·
1121 2219 1144 2263 l.
1163 2214 1231 2265 Edd.
1247 2214 1356 2265 Rem.-

262 2285 278 2330 e
297 2281 377 2331 Viaai.
389 2281 615 2332 Memmeioirntia
623 2281 691 2331 Edd.
699 2282 774 2330 Rom.
783 2281 856 2331 Caid.
892 2279 974 2330 Paule
984 2287 1045 2329 ante
1056 2280 1184 2329 midam
1196 2279 1275 2330 vine.
1287 2285 1309 2328 Ι.
1320 2282 1354 2329 ai·

265 2351 341 2396 teum
351 2345 426 2395 deest
438 2345 518 2394 Poiit.
538 2347 601 2394 Mox
614 2344 1188 2396 nutante.aedanroeeuarerr.1¹at.r.t.
1200 2344 1265 2408 cop.
1277 2344 1355 2393 vind.

264 2417 384 2473 uterque,
396 2417 424 2458 et
441 2407 515 2458 Cort.
534 2423 579 2458 aen
597 2411 658 2475 Lys.
679 2410 806 2474 probante
823 2409 897 2459 Terr.
916 2408 962 2456 aad
982 2417 1072 2458 eontra
1092 2411 1246 2458 sententiam
1265 2409 1356 2458 Burni.

263 2473 334 2522 Oud.
348 2472 426 2523 Wotr.
458 2473 541 2523 Paulo
555 2481 615 2524 ante
631 2475 759 2536 ewardi
773 2475 896 2523 Vota-6
911 2471 1106 2536 niara-(tryph.
1117 2481 1216 2523 maret.
1250 2473 1355 2522 Marad

266 2537 320 2586 Til.
332 2537 416 2588 Paria.
428 2536 495 2588 Edd.
512 2538 634 2590 lium-'i
651 2538 749 2602 Copula
762 2537 837 2588 deest
851 2537 915 2587 Mar.
926 2534 982 2586 t'ere
994 2534 1028 2584 Ο.
1043 2544 1071 2585 et
1081 2535 1148 2586 Edd.
1159 2545 1257 2600 prater
1266 2537 1356 2600 Steplr.

264 2601 351 2653 Palm.
362 2609 391 2650 rt
401 2605 523 2665 seqq-8
539 2601 581 2652 lta
592 2601 698 2652 Mamm.
716 2603 788 2652 Dnn.
806 2601 904 2652 Medic.
915 2604 940 2650 8.
959 2599 1038 2650 Polli.
1053 2600 1131 2650 vind.
1144 2604 1167 2650 l.
1185 2601 1258 2651 Cart.
1275 2601 1355 2651 Faue.

264 2665 350 2715 Paria.
369 2667 434 2716 Erre.
454 2667 511 2730 Cuj.
531 2668 570 2731 (in
589 2668 680 2730 quibua
698 2667 773 2717 deest
784 2665 875 2780 “remp
887 2665 1033 2728 probamin.
1045 2665 1134 2714 Burin.
1145 2664 1214 2715 one.
1225 2665 1287 2715 Em.
1298 2679 1356 2715 enm

186 2779 188 2783 .
264 2729 332 2779 Edd.
345 2729 420 2780 Rom.
431 2730 499 2781 Van.
510 2735 533 2780 l.
550 2731 628 2794 vulg.
638 2732 793 2793 eoqienurara
805 2745 852 2794 pro
873 2730 928 2780 nsit
937 2745 954 2778 a
964 2727 1036 2778 Med.
1053 2728 1103 2780 lid.
1121 2732 1195 2779 leit.
1213 2730 1278 2780 item
1290 2730 1357 2779 lien.

263 2797 323 2844 M.
335 2793 409 2844 Cald.
428 2794 500 2844 Med.
513 2809 565 2846 sec.
582 2797 729 2859 ceterisque
746 2795 877 2858 Beroaldi‚
892 2798 941 2843 dre.
959 2794 986 2843 ta
1003 2793 1134 2855 mertam
1154 2793 1279 2843 Enim-9
1296 2796 1356 2844 Nun

263 2857 341 2907 habet
353 2858 440 2922 eiept.
451 2859 526 2907 Torr.
558 2857 630 2908 Infra
639 2859 740 2908 natan
750 2859 822 2910 abeat
833 2873 848 2907 a
859 2861 989 2920 cop-tn
1007 2857 1083 2907 Becco
1093 2857 1177 2906 Peria.
1188 2873 1204 2907 a
1216 2874 1248 2907 m.
1262 2873 1300 2922 pr.
1312 2859 1357 2906 ali-

264 2929 329 3032 ppot
338 2923 410 2972 Torr.
421 2928 449 2969 et
460 2921 509 2971 Ed.
522 2920 597 2970 Rom.
609 2936 662 2972 aec.
679 2923 744 2972 Bere
753 2924 777 2969 in
789 2922 855 2983 aliis,
870 2922 948 2971 etiam
958 2921 1004 2972 ste
1025 2923 1049 2969 ir.
1065 2923 1140 2977 Beato
1153 2921 1231 2974 Vind.
1242 2925 1267 2972 2.
1283 2924 1356 2980 ¹(lert.

302 2984 438 3097 §fferam
451 2985 555 3049 lienag.
566 2986 592 3034 iu
605 2985 717 3050 Etpmol.
728 2985 798 3036 Gall.
809 3001 866 3036 roe.
878 2985 984 3052 ‘Coeq'
1031 2986 1124 3051 enique
1132 2985 1258 3049 amansii
1267 2986 1356 3036 Perit.

263 3054 291 3098 et
363 3061 501 3099 ‚aaran

757 3144 863 3196 NOTAE

266 3243 348 3288 turem
369 3239 425 3304 ejus
442 3238 521 3290 t'uisse
537 3241 681 3305 respondit.
697 3255 728 3291 ae
745 3239 788 3296 de·
862 3240 979 3304 aerem]
1005 3240 1065 3291 Non
1088 3240 1226 3303 gallinacei
1246 3249 1356 3308 tantun,

266 3311 327 3362 inde
339 3314 444 3378 ingestis
455 3317 604 3368 volneribus
616 3315 748 3368 concidit!
829 3316 877 3368 sed
887 3326 915 3368 et
930 3316 1036 3368 alterins
1047 3316 1230 3383 enjttrenmqne
1242 3319 1296 3369 aris
1306 3333 1357 3368 ros·

296 3398 309 3424 ¹
325 3392 512 3460 remunera]
533 3395 666 3460 Capitolii.
682 3410 740 3460 eap.
752 3399 792 3451 ln.
831 3392 1181 3455 trumsignidcatetiamnum
1191 3395 1267 3446 hodie
1277 3395 1358 3448 Gallia

297 3475 309 3510 1
327 3468 489 3536 Pallantem]
505 3471 617 3537 Propter
633 3473 747 3536 patinam
761 3472 790 3522 il·
831 3467 880 3532 dec,
898 3467 1058 3528 lintistino,
1077 3475 1107 3518 nt
1125 3469 1281 3535 Beroaldus,
1292 3470 1358 3522 tier·

265 3541 326 3599 lam,
337 3541 370 3593 de
379 3559 428 3608 qna
438 3560 516 3610 snpra
526 3548 558 3597 ad
570 3561 629 3610 rap.
638 3551 678 3597 it.
781 3595 783 3602 ,
830 3543 912 3593 mania
926 3553 954 3592 et
965 3543 1047 3594 Gallis
1058 3543 1112 3608 ieie,
1123 3551 1153 3594 nt
1167 3545 1319 3596 Torrentius
1330 3554 1358 3596 et

297 3624 308 3649 ¹
326 3618 464 3685 Gemonias]
486 3622 526 3672 Ile
537 3622 610 3674 isirin
620 3623 676 3676 Tib.
687 3623 721 3678 ad
732 3638 790 3688 esp.
830 3618 975 3670 Glareanus
987 3625 1123 3673 testantur.
1156 3623 1199 3674 De
1215 3621 1264 3674 hoc
1276 3623 1357 3674 Anto·

263 3697 304 3746 11.
315 3697 365 3746 διο.
830 3695 873 3744 niu
881 3696 969 3746 Primo
980 3698 1061 3747 muita
1071 3697 1138 3762 apud
1151 3698 1269 3750 Tacitum
1278 3708 1306 3749 et
1315 3713 1358 3748 ua-

298 3775 309 3824 t
326 3770 514 3824 11410821.
830 3771 884 3822 ria:
903 3771 1045 3824 inmaduit
1063 3788 1139 3824 manu
1155 3783 1289 3832 strennua,
1305 3789 1357 3824 rer-

297 3855 309 3882 ·
324 3847 430 3912 Septem
443 3853 467 3898 et
482 3849 683 3914 mutuo]
706 3849 791 3904 Quem
830 3863 906 3904 mone
915 3849 1358 3914 prorutus,diaeerdiiapoteru,rap·

263 3922 398 3987 explebat,
421 3931 450 3974 nt
472 3923 509 3974 ait
530 3926 638 3979 Tacitus
659 3939 704 3976 ιιι.
722 3925 791 3981 liirt.
830 3925 1358 3990 tar,iargitor.paeepessimunbeiionon

265 3998 318 4048 Alii
333 3999 418 4060 aliter,
432 4007 493 4050 sunt
509 4001 578 4051 anim
590 4003 634 4067 qni
645 4009 698 4051 tres
709 4016 790 4057 annea
830 4000 1001 4066 spernendus,
1018 4007 1048 4052 nt
1065 4001 1204 4056 Vitelliano
1215 4002 1259 4052 iilo
1270 4000 1358 4058 multia

264 4071 419 4125 detrahant:
435 4074 570 4140 dequibus
587 4077 605 4125 ii
621 4077 733 4141 legendi,
747 4077 790 4142 qui
829 4079 957 4141 apparuit.
1004 4077 1078 4128 Illius
1106 4077 1215 4131 Antonii
1241 4077 1359 4132 meminit

265 4148 566 4210 Fastoapeoneinnarnnt.
828 4153 958 4207 Martialis
975 4152 1021 4203 lib.
1039 4167 1080 4207 tx.
1098 4155 1168 4220 epig.
1188 4157 1245 4206 101.
1264 4154 1310 4206 lih.
1328 4167 1360 4210 x.

296 4221 309 4258 ⁶
326 4223 425 4274 Fretum
436 4224 458 4273 ei
470 4223 579 4287 Virasia]
601 4225 789 4292 deprecanti.
830 4230 900 4295 epig.
910 4233 952 4298 21.
963 4239 990 4282 et
1001 4235 1043 4283 82.
