3084 4836
527 341 578 388 ιι)
601 341 777 390 sunnonrr
801 343 984 391 onerare.
1209 333 1293 400 lota

532 669 788 754 nxcnnsns
826 689 972 756 xxva

599 834 648 884 ΑΙ)
666 835 808 886 VESPAS.
825 838 855 886 C.
871 844 911 888 tt.

681 981 815 1030 Perdaclae.

241 1071 344 1119 Minora
357 1083 418 1118 eane
431 1075 479 1130 est,
489 1069 557 1118 Vrrir
568 1072 654 1126 lentie,
665 1074 753 1136 quales
765 1073 928 1124 Caeanbonnr
940 1085 967 1126 et
977 1077 1136 1128 Burmannus
1148 1079 1230 1143 foere,
1246 1096 1291 1143 po-

211 1151 288 1199 tuirae
300 1151 325 1198 in
338 1158 449 1198 mentem
462 1149 557 1213 venire,
569 1156 596 1198 nt
609 1157 731 1212 potarent
744 1151 877 1215 legendnm
890 1169 945 1204 erre
955 1157 1072 1216 perducta.
1090 1159 1127 1207 Ut
1137 1172 1186 1206 noo
1199 1159 1294 1220 dicam,

209 1231 277 1278 nitra
286 1228 386 1278 modnm
399 1227 529 1277 rordidom
538 1242 604 1284 oeae,
614 1229 799 1291 Imperatorem
809 1245 856 1293 pro
865 1234 1002 1282 concubitu
1011 1235 1128 1296 eoeipere
1136 1236 1291 1300 mercedem,

209 1307 285 1372 idqne
297 1308 456 1368 Suetonium,
469 1315 497 1356 nt
508 1308 619 1356 omnium
631 1307 830 1358 sordidissimum
847 1325 872 1359 e.
882 1317 921 1360 lii.
930 1320 1183 1362 commemoratorum
1196 1314 1290 1374 inirae3

209 1389 274 1436 ratio
293 1387 457 1449 grammatica
476 1394 610 1448 repugnat.
643 1387 712 1435 Nam
733 1387 841 1437 deberet
862 1403 918 1436 erae
938 1391 970 1438 ab
988 1391 1070 1450 initio,
1084 1392 1291 1458 expugnato(non

207 1465 399 1528 apameo..
410 1480 495 1513 ..ram
509 1467 637 1527 perducta.
648 1467 839 1516 ...domninae
871 1467 922 1516 Sed
942 1469 1101 1518 Bnrmannnr
1117 1473 1229 1520 oeonrrlt
1245 1471 1292 1532 rio,

208 1553 237 1593 nt
248 1545 333 1594 dicat:
350 1547 371 1594 el
384 1545 486 1606 vulgata
503 1559 562 1592 rere
573 1545 616 1604 eit,
634 1545 659 1593 in
676 1547 843 1608 aeqnentibua
856 1561 911 1596 eree
923 1547 1020 1597 debere
1031 1549 1124 1612 inferri,
1137 1564 1187 1598 non
1197 1550 1291 1610 referri,

207 1624 268 1672 item
284 1623 438 1686 Vespasianus
445 1624 575 1684 admira,
586 1637 635 1671 noo
644 1625 760 1673 adamata.
794 1624 835 1673 Ad
855 1625 963 1688 primam
974 1629 1043 1691 qaod
1054 1628 1159 1688 attinet,
1171 1628 1291 1678 concedi·

206 1715 271 1757 mna,
281 1703 367 1761 inferri
378 1701 553 1762 rerihendnm,
561 1702 649 1766 tieque
658 1704 843 1768 reeoripaimae,
855 1713 913 1767 port
922 1706 1058 1754 Graeriom.
1091 1705 1134 1754 lta
1145 1708 1213 1755 enirn
1222 1707 1291 1756 clare

206 1780 289 1831 codex
302 1783 407 1832 Momm.
417 1782 455 1830 lta
465 1781 527 1831 Μιι.
538 1783 666 1831 ΤιιιιιιιίΙ
678 1799 685 1830 :
702 1783 738 1832 ric
749 1784 825 1832 etiam
836 1783 888 1833 Μι.
898 1785 985 1847 Lyaer.
1003 1783 1121 1833 Samum
1131 1785 1220 1844 rerem
1229 1786 1290 1834 rati·

206 1859 287 1910 enitar
297 1876 346 1910 non
359 1869 398 1911 eet
410 1861 545 1910 Latinomr
563 1874 595 1909 ne
604 1861 693 1910 addito
704 1862 806 1926 quidem
818 1863 854 1924 irr,
865 1869 893 1912 ot
903 1864 957 1911 anlt
968 1863 1140 1923 Burmanni,
1148 1864 1210 1913 rotie
1219 1863 1290 1913 barl-

206 1953 265 1989 nnm
285 1947 382 2003 pntem.
415 1939 464 1988 ‘ln
487 1939 596 1988 ratiooer
615 1939 720 1988 rei'erri'
738 1940 834 1989 dieitur
853 1940 969 2003 pecnnia.
1009 1941 1100 1989 Cicero
1117 1940 1192 1990 Vere.
1210 1956 1229 1990 r.
1248 1946 1289 1992 ll.

206 2019 338 2078 'Tutorem
349 2018 559 2081 quemadmodum
571 2033 626 2068 eam
639 2021 771 2082 pecuniam
782 2021 808 2069 in
819 2021 933 2069 rolloner
945 2018 1081 2082 referrem,
1092 2036 1141 2070 non
1152 2022 1289 2072 ridebant.¹

205 2097 315 2154 Deinde,
329 2099 395 2146 node
407 2098 568 2160 intelligitur,
585 2099 670 2158 referri
680 2113 737 2149 erre
748 2113 804 2161 pro,
815 2105 949 2162 acceptum
962 2098 1072 2148 referri?
1105 2101 1219 2158 Etenim,
1233 2101 1288 2149 eive

205 2179 231 2225 in
243 2177 366 2240 acceptia,
378 2177 432 2226 alre
444 2177 469 2226 in
481 2178 599 2241 expenaia
611 2179 705 2242 aliquid
715 2179 850 2243 aorlbatnn
859 2189 993 2242 utrumqne
1005 2178 1129 2228 'referri'
1140 2179 1236 2228 dicitnr
1247 2179 1290 2228 ‘in

204 2255 334 2306 rationes!
368 2256 403 2305 Αι
415 2255 526 2318 delimo,
544 2257 693 2320 Verpaaiarra,
705 2258 769 2307 bano
781 2258 1017 2321 interpretationem
1030 2260 1151 2321 portnlat.
1184 2257 1289 2309 Qnerel

204 2335 246 2384 An
256 2335 349 2384 dicitnr
357 2342 465 2390 tantum,
477 2341 484 2363 ⁸
495 2334 591 2383 referre
599 2343 733 2399 aoceptnm
745 2336 819 2386 aliani
830 2336 856 2384 i'
867 2351 916 2386 non
928 2338 1014 2398 etlam,
1026 2343 1033 2365 ⁸
1044 2336 1138 2386 referre
1148 2350 1287 2400 expenarrm

205 2413 309 2464 allonil'
343 2414 418 2478 Apnd
437 2415 587 2481 Ciceronem
607 2430 653 2479 pro
672 2417 764 2465 Flacco
783 2431 806 2466 e.
822 2421 861 2466 19.
878 2415 1011 2464 ‘reserant
1021 2415 1092 2478 operi
1105 2413 1225 2478 pnlrlioo‚'
1237 2429 1287 2482 nop

203 2500 242 2541 ert
254 2507 394 2556 expenrnm
405 2494 478 2556 operi
490 2494 602 2556 publico,
621 2495 674 2543 rire
691 2497 777 2560 operia
797 2495 892 2556 publici
911 2496 1002 2544 eaneai
1035 2495 1201 2556 ‘Exponenm
1217 2492 1287 2543 serre

203 2572 292 2620 alloni'
303 2573 402 2635 qootler
414 2579 453 2620 eat
464 2572 532 2634 apud
546 2572 708 2627 Ciceronem,
719 2588 764 2634 pro
776 2573 868 2622 Raecio
879 2573 1007 2634 Comoedo,
1017 2578 1043 2621 et
1054 2571 1114 2620 alibi
1124 2574 1130 2618 l
1147 2573 1185 2620 Ex
1198 2573 1287 2635 quibua

203 2651 242 2710 fit,
255 2659 283 2700 nt
293 2653 410 2714 perducta
420 2665 507 2700 rernm
518 2652 560 2700 ait.
596 2653 734 2716 Vespasiano
751 2655 859 2702 adarnaio
876 2666 1010 2714 emperiam,
1028 2659 1067 2699 eat
1087 2658 1161 2699 acute
1178 2649 1285 2700 diotnm.

203 2729 336 2788 Feminae,
358 2727 424 2777 band
443 2727 520 2776 dubie
538 2728 637 2788 nobilio,
655 2742 747 2778 nomen
764 2737 792 2778 et
810 2743 914 2777 caueam
932 2729 1000 2777 dete
1022 2730 1136 2791 pecunie
1154 2730 1178 2777 io
1193 2729 1286 2777 talrnlie

203 2809 290 2870 roribl,
301 2823 388 2870 parom
405 2809 525 2856 decorum
543 2815 608 2856 eret.
639 2808 748 2856 Volebat
761 2822 823 2871 ergo
834 2807 921 2871 orribi,
933 2807 1065 2870 pecuniam
1076 2823 1130 2855 enm
1146 2815 1286 2870 propterea

202 2902 341 2951 expensam
360 2901 426 2949 erae,
437 2885 496 2951 qnia
507 2886 679 2950 Vesperiannr
691 2887 824 2936 adamatur
840 2887 889 2936 ait:
906 2887 962 2949 ejne
981 2899 1056 2936 carrea
1071 2885 1138 2934 illam
1150 2886 1284 2950 pecnniarn

201 2974 358 3016 conrnmtam
370 2979 442 3015 eeaer
467 2967 579 3028 planant
594 2965 618 3014 lo
635 2965 679 3014 illo
699 2966 787 3029 ‘operi
807 2964 909 3030 publico
929 2963 1037 3015 reserrl.'
1070 2965 1191 3016 Ceterum
1207 2965 1284 3014 aentit

201 3045 334 3095 nobiscum
347 3045 475 3107 Dukeruo,
487 3043 627 3108 probetque
640 3043 846 3108 Oudendorpina.

512 3263 768 3329 EXGURSUS
800 3261 969 3328 XXVII.

641 3411 692 3461 Ab
710 3411 786 3460 '1'1'1'1
805 3411 875 3459 (1.9.

573 3539 728 3589 Ferramenta
743 3538 908 3603 pugnantiam.

233 3637 415 3687 Mammula
436 3634 517 3697 primo
538 3647 595 3683 eree
617 3635 738 3696 arbitror,
754 3635 820 3684 eoloa
838 3632 935 3697 gladioa
955 3633 997 3682 hio
1019 3633 1199 3697 intelligendo·
1218 3649 1281 3684 erae.

201 3716 304 3765 Etenim
323 3713 442 3762 Aurelius
461 3713 551 3761 Victor
568 3713 664 3761 direrte
683 3713 780 3776 gladior
802 3713 923 3772 nominat,
941 3717 1023 3760 eirea
1044 3721 1084 3760 ert
1100 3713 1234 3775 ejusmodi,
1252 3722 1281 3762 nt

199 3796 277 3859 gladii
286 3795 333 3844 eoii
345 3792 458 3854 intelligi
466 3791 572 3853 poeaint.
604 3793 713 3841 Volebat
726 3806 802 3854 porro
811 3791 993 3852 doceremur,
1010 3805 1038 3839 re
1050 3792 1111 3840 nibil
1122 3792 1154 3840 ab
1166 3793 1196 3839 iio
1207 3792 1279 3839 time-

198 3891 241 3926 re:
258 3873 335 3938 qnod,
353 3873 421 3922 nnlla
439 3872 490 3920 alia
506 3877 579 3934 parte
590 3877 694 3921 ornatur
707 3871 851 3933 gladiatorii
869 3870 1032 3934 porrigenda.
1048 3869 1150 3918 efficere
1167 3876 1279 3934 poterat.

201 3959 291 4020 Neqne
301 3968 360 4004 vero
372 3953 507 4016 qnioqnam
519 3964 571 4000 mor
583 3959 640 4000 erat
649 3950 834 4014 inr'pioieadom
846 3951 970 4013 praebere,
986 3956 1083 4012 praeter
1093 3948 1207 4011 gladioar
1220 3962 1278 3998 narn

199 4045 342 4084 ceterorum
360 4031 426 4080 nnlla
445 4031 482 4079 vla
500 4031 526 4079 in
548 4029 694 4092 pugnando.
737 4029 804 4078 Turn
816 4030 927 4092 reliqnnr
943 4036 1048 4077 ornatur
1067 4027 1233 4090 gladiatorum
1246 4029 1278 4078 ab

197 4113 356 4179 Imperatore
368 4111 433 4174 ipro,
448 4123 505 4159 oum
513 4109 599 4159 editor
610 4109 721 4158 monerio
731 4115 810 4173 emet,
826 4107 1057 4172 roppeditabatnr3
1076 4107 1143 4157 node
1155 4114 1279 4170 'appara-
