3084 4836
273 285 357 350 luto
612 299 790 351 nunusurr
817 295 1015 352 nxcunsue

272 441 446 492 instituentur.
478 440 584 508 sedhic
603 442 688 492 uerbis
700 441 810 491 arbitror
822 442 946 504 explicari
962 449 1059 490 tsutnns
1072 453 1154 504 posse.
1168 441 1229 504 qnid
1242 441 1284 498 sit.
1301 442 1357 492 ‘se-

273 520 426 570 sertiouibns
438 535 466 568 ee
477 520 686 582 eccornrnndsre,'
697 535 746 570 non
756 520 818 584 quid
835 521 844 548 ‘
854 520 1018 582 perfusoriis!
1043 523 1117 581 Tuus,
1127 521 1205 570 ‘dere
1216 521 1359 575 vindicius:

273 600 297 648 b.
308 614 331 648 e.
345 600 503 662 permittere,
515 608 543 648 nt
561 599 679 650 vindicio
699 600 876 659 instituentur,
889 613 940 648 uun
961 606 1000 648 est
1014 599 1141 662 judicum,
1158 599 1203 647 sed
1216 599 1357 649 Prsetoris:

274 679 341 742 qnod
359 681 414 741 ipse
433 693 490 728 mcx
509 677 675 735 demonstret,
693 693 750 728 cnm
766 678 891 729 Pretoris
907 678 986 728 fuisse
1003 678 1077 738 dicit,
1095 678 1242 726 exsminsre
1257 691 1358 728 esnssrn

272 757 402 825 litigandi,
412 771 493 820 esque
505 758 623 821 probetis,
640 757 777 821 disponere
793 757 955 806 retentiones.
987 755 1205 804 ‘Accummodsre
1216 770 1244 804 se
1254 755 1357 810 oense!

273 851 330 886 cum
343 837 467 899 dejudice
477 837 579 892 dicitnr,
591 838 616 886 in
628 844 760 900 utrumqne
773 843 872 899 perteus
883 835 935 884 dici
947 842 1032 897 potest
1042 849 1075 883 es
1087 849 1131 882 nen
1143 834 1243 883 Lstiuse
1256 835 1358 896 lingue.

275 914 306 963 In
318 915 409 964 bunsm
421 923 520 979 psrtem
532 931 589 964 cum
601 908 705 977 dicitnr,
721 924 762 965 est
778 917 840 964 nibil
856 915 934 973 eliud,
950 929 1025 978 quern
1036 913 1102 979 qnod
1116 915 1208 964 Cicero
1218 913 1292 977 dicit,
1301 914 1357 963 dili·

275 995 387 1055 qeutism
399 996 424 1042 in
442 995 619 1056 enquoeceuds
641 1009 718 1044 canen
736 995 865 1043 adbibere.
893 994 944 1044 Sed
967 995 992 1042 b.
1013 995 1029 1042 1.
1045 993 1140 1042 dicitnr
1161 994 1186 1042 iu
1202 993 1357 1042 deteriorem

275 1081 386 1135 purtem,
408 1083 435 1122 et
455 1082 502 1128 est,
523 1073 609 1122 ferere
628 1088 711 1122 cauete
732 1081 823 1124 contre
840 1072 926 1135 juset
948 1072 1103 1135 equitatem,
1126 1079 1154 1118 et
1172 1072 1357 1120 conniverent!

276 1150 397 1200 t'rsudee:
420 1153 487 1216 qnod
509 1153 660 1215 intelligitur
678 1168 710 1202 ex
732 1167 773 1214 eo,
799 1153 866 1217 quod
888 1151 1033 1214 imperetur
1055 1158 1251 1212 recuperstures
1269 1150 1356 1199 sdsno-

276 1237 321 1279 net
333 1245 431 1291 serere,
444 1247 475 1280 ne
492 1230 518 1279 id
539 1231 652 1282 fuciunt:
670 1246 754 1296 neque
779 1231 847 1280 eliud
869 1244 925 1280 esse
942 1239 1037 1294 potent.
1071 1229 1135 1278 Nsns
1156 1229 1177 1276 si
1194 1229 1298 1278 Prsrtnr
1313 1230 1358 1277 det

276 1318 481 1372 recuperatores,
502 1310 527 1357 bi
550 1311 692 1359 uecesssrio
707 1312 835 1378 judicent.
869 1311 939 1372 Ergo
965 1324 1014 1358 non
1034 1309 1119 1372 putuit
1137 1321 1181 1357 eos
1203 1309 1292 1356 Caessr
1312 1307 1356 1357 sd·

277 1402 391 1450 monere,
402 1403 433 1436 nc
443 1388 508 1437 tsiee
520 1402 609 1438 casinen
621 1397 824 1450 coqnoecereut5
846 1389 890 1436 red
904 1401 935 1436 ne
952 1388 977 1435 in
989 1386 1020 1435 iis
1039 1392 1127 1435 contre
1134 1387 1179 1448 jue
1190 1385 1222 1433 de
1234 1386 1358 1435 industris

277 1558 333 1592 esse
344 1559 410 1602 carn,
421 1558 476 1606 qun
488 1544 523 1592 eit
534 1557 581 1606 per
592 1544 750 1600 calumniam,
762 1559 812 1608 qus
821 1544 941 1593 innocens
953 1551 1049 1606 preter
1055 1544 1098 1606 jus
1110 1551 1226 1592 vexetur.
1259 1543 1300 1591 Sic
1309 1555 1360 1591 ms·

276 1622 371 1671 niieste
383 1623 446 1672 dicit
458 1622 549 1672 Cicero
561 1637 608 1687 pro
620 1624 713 1673 Roscio
724 1623 812 1673 Auser.
822 1637 879 1685 esp.
890 1627 931 1672 29.
947 1623 954 1650 ⁸
965 1622 1120 1686 pertundere
1132 1621 1361 1686 sliqnemjudicio.’

278 1701 344 1766 quod
363 1701 399 1751 ibi
411 1702 471 1750 nibil
482 1702 549 1750 eliud
566 1711 618 1762 cst,
629 1717 704 1766 quern
716 1703 792 1750 slicni
808 1701 936 1751 eelnmnis
953 1701 1005 1749 litis
1024 1701 1165 1750 nrulestism
1176 1713 1275 1761 cresre,
1290 1706 1318 1748 et
1333 1701 1359 1748 in

277 1778 419 1842 perieulum
431 1779 522 1842 cepitie
535 1778 661 1828 adducere
672 1797 678 1826 s
696 1794 778 1842 neque
790 1779 924 1828 ullomodo
935 1778 1061 1828 sudieudn
1072 1780 1198 1828 slterntrs
1209 1781 1361 1841 interpretis·

278 1858 314 1906 tio
326 1857 434 1919 Graerii,
445 1856 516 1920 cujus
527 1855 663 1908 fluctuatio
675 1858 810 1907 mnuiieste
820 1865 868 1906 est.
900 1859 967 1907 Nero
983 1857 1074 1907 Cicero
1086 1857 1160 1915 dicit,
1171 1858 1283 1922 iniquum
1295 1870 1361 1916 enee,

279 1935 399 1986 Erucium
411 1950 438 1984 re
450 1951 509 1985 vers
521 1952 642 1987 sccnssre
653 1952 708 1998 coe,
719 1938 835 2001 equibus
848 1938 991 1986 mercedem
1003 1938 1144 2000 receperit,
1155 1945 1182 1986 et
1194 1945 1277 1986 tsnen
1290 1935 1360 2000 jndi-

278 2016 318 2065 cio
328 2013 524 2078 perfundere,b.
535 2030 558 2065 e.
574 2017 599 2064 iu
606 2017 731 2080 judicium
751 2024 778 2065 et
796 2017 887 2078 cspitie
908 2017 1048 2078 periculum
1066 2017 1121 2065 sine
1139 2031 1217 2066 cause
1232 2015 1361 2065 adducere

278 2095 414 2154 bominem,
425 2108 498 2156 quem
511 2095 671 2144 innocentem
683 2109 741 2145 erse
752 2095 837 2144 videet
853 2104 880 2144 et
892 2095 991 2145 credet.
1024 2095 1093 2144 Hinc
1111 2108 1173 2157 ergo
1186 2095 1287 2143 dssctssn
1305 2107 1361 2142 csse

280 2178 343 2236 puto
358 2170 541 2234 ‘perfusorism
553 2172 736 2228 essertionem,'
754 2187 802 2236 qus
820 2172 934 2221 dominus
948 2173 1033 2234 justus
1048 2171 1193 2235 sddncitur,
1204 2186 1250 2233 per
1268 2173 1361 2220 celum·

279 2249 346 2298 nism
359 2250 421 2310 litis,
431 2256 459 2299 ut
470 2251 561 2299 Cicero
574 2258 656 2306 nocet,
669 2266 714 2314 pro
727 2252 824 2300 Milone
834 2266 857 2300 c.
868 2256 908 2300 27.
926 2251 946 2316 (‘
958 2265 1003 2314 per
1015 2253 1167 2300 calumniam
1177 2251 1258 2299 litium
1269 2248 1361 2298 inndos

278 2329 374 2378 elienor
386 2329 518 2393 petebst')
535 2329 559 2376 in
573 2330 711 2391 pericnlum
723 2332 789 2380 serui
800 2331 943 2380 emittendi.
976 2331 1045 2393 Ergo
1059 2330 1221 2379 Domitianus
1234 2329 1362 2378 sdmonuit

278 2415 484 2470 recuperatores,
496 2421 527 2455 ne
539 2423 584 2470 per
596 2411 714 2470 grstism,
729 2418 774 2459 sut
789 2410 838 2458 niis
851 2424 1008 2473 quecumque
1026 2409 1057 2457 de
1074 2423 1159 2468 censs,
1170 2408 1309 2466 secuudum
1320 2422 1362 2456 cs·

278 2487 443 2536 lumnistoree
454 2487 480 2534 in
492 2501 570 2535 csuss
581 2487 679 2537 liberali
693 2490 898 2552 pronuntierent.
929 2490 1066 2538 Suetonius
1078 2490 1102 2536 in
1120 2489 1166 2536 irse
1177 2487 1291 2548 inprimis
1303 2500 1362 2535 esu·

278 2579 307 2613 se
316 2566 477 2614 severitstent
490 2567 628 2616 Domitisui
647 2582 844 2618 commemorare
864 2568 951 2624 noluit,
965 2567 1032 2632 qnod
1053 2573 1247 2628 recuperatores
1260 2566 1304 2614 tsli
1316 2566 1362 2614 ini·

278 2643 375 2707 quitete
386 2658 436 2693 uon
449 2644 523 2693 modo
533 2646 660 2708 legitimae
677 2646 792 2695 dominos
809 2646 889 2695 eerriu
906 2647 957 2694 ruis
975 2646 1116 2708 privarent,
1127 2643 1170 2692 scd
1183 2645 1259 2692 ctism
1271 2645 1362 2692 ciritn·

236 2785 240 2794 ι
280 2731 332 2773 tern
344 2724 515 2786 inquinarent,
527 2726 606 2775 serris
618 2725 740 2788 improbis
752 2726 934 2788 ingenuitstem
950 2724 1138 2788 sdjudicsndo:
1159 2736 1300 2785 quenquam
1318 2737 1360 2771 ce·

280 2809 362 2850 terum
374 2816 423 2850 unu
433 2802 533 2865 ignoro,
548 2805 714 2854 snserticnem
732 2803 899 2868 perfusoriam
918 2804 994 2853 etiem
1013 2817 1077 2857 cese,
1094 2817 1151 2852 curn
1163 2803 1192 2850 lis
1206 2816 1251 2864 pcr
1267 2804 1361 2851 cslurn-

280 2880 346 2928 nisns
360 2881 503 2932 intenditur
513 2882 631 2945 ingenuo.

586 3075 844 3141 EXCURSUS
869 3078 1060 3143 XXXIII.

666 3229 717 3282 Ab
738 3232 834 3282 IDEM
852 3231 977 3284 CAPUT.

669 3388 820 3438 Nummius
823 3390 926 3452 judiees,
935 3394 975 3451 tre.

312 3497 489 3547 Ceusunonus
499 3502 526 3547 et
538 3497 648 3548 Guietns
660 3499 859 3564 interpretentur
870 3516 1019 3565 ssscsmres,
1031 3503 1085 3552 rive
1102 3505 1269 3553 consiliarius.
1304 3503 1361 3552 Non

280 3573 429 3638 improbem.
463 3577 513 3625 Sed
524 3577 615 3626 vellens
627 3579 725 3640 plsuins
737 3579 869 3634 dixissent,
882 3581 970 3643 queles
981 3589 1066 3630 essent
1082 3582 1099 3630 il
1105 3583 1216 3644 judicer,
1227 3583 1270 3645 qui
1282 3595 1361 3630 seses-

281 3667 351 3701 sores
362 3662 390 3702 et
398 3655 554 3704 coneilisrioe
564 3655 695 3705 heberent.
717 3657 814 3708 Qrsodri
825 3659 888 3706 benc
900 3660 1051 3708 sententism
1064 3661 1209 3723 probemus,
1218 3661 1362 3723 intelligen-

281 3731 314 3780 ds
325 3747 365 3781 res
377 3734 427 3781 erit
438 3733 469 3780 dc
475 3733 581 3794 judiciis
593 3733 633 3794 iir,
645 3749 702 3798 quse,
714 3735 820 3796 singuiis
829 3737 961 3799 judicibus
972 3740 1175 3799 excrementum
1193 3742 1266 3803 item,
1276 3741 1309 3788 de
1322 3753 1363 3788 sr-

280 3809 372 3867 uiuite,
393 3825 449 3874 que
467 3817 494 3858 et
511 3813 568 3874 ipss
579 3813 678 3874 judicie
697 3813 825 3865 dicuntur.
858 3817 900 3865 Sic
917 3815 1042 3879 Aquillius
1061 3818 1136 3867 dstsu
1151 3817 1233 3880 judex
1253 3819 1321 3868 solus
1336 3819 1361 3867 in

282 3902 358 3937 csuss
370 3889 518 3940 Quintisns.
546 3892 577 3940 Ei
590 3892 712 3942 tribuitur
728 3894 892 3944 ‘consilinm'
910 3910 932 3944 c.
944 3899 968 3944 8.
981 3900 1020 3945 1⁰.
1032 3901 1069 3944 lu.
1103 3896 1133 3944 id
1145 3897 1188 3945 ille
1200 3898 1255 3959 ipse
1266 3899 1363 3946 noire·

282 3975 331 4021 ret,
344 3969 527 4031 conetebrtque
538 3969 618 4018 tribur
627 3970 711 4034 dctis,
722 3973 759 4021 M.
771 3972 905 4034 Mucella,
918 3974 949 4022 P.
960 3974 1130 4033 Quintilium
1139 3975 1167 4023 1..
1179 3976 1294 4025 Lucullo.
1310 3975 1363 4024 Sed

281 4046 372 4095 mirum
384 4046 511 4102 sidentur,
523 4043 696 4100 Domitianum
705 4051 868 4104 severitstesn
884 4053 953 4104 ilisrn
972 4066 1043 4102 suern
1061 4058 1160 4103 tsntnnr
1179 4055 1326 4106 exercitisss
1338 4056 1363 4104 ic
