3114 4828
248 360 311 424 7:32
666 373 696 418 c.
722 371 899 420 suurourr

249 527 439 587 certamenr
469 516 594 600 primos
616 515 761 579 omnium
786 513 918 586 Romae,
941 529 1031 574 ruore
1057 510 1181 576 Graeco
1204 509 1336 593 triplex,

248 621 424 694 musicum,
439 617 648 699 gymnicum,r
662 623 825 696 equestre,
846 613 935 697 quod
951 612 1137 695 appellavit
1155 627 1336 674 uuaours.

248 721 487 801 Dedicatisque
503 719 635 782 thermis
651 727 751 801 atque
768 717 965 799 gymnasie,s
986 715 1125 779 Senatui
1149 731 1284 796 quoque
1305 719 1338 774 et

249 821 366 902 Equiti
380 820 510 885 oleum⁸
530 819 685 902 praebuit.
728 817 912 897 Magistros
938 815 1028 903 toti?
1052 814 1226 878 certamini
1251 829 1337 896 prae*

250 923 365 1005 posuit
379 921 569 984 consulares
585 926 686 996 sorte,
701 917 782 983 sede
798 916 1004 982 Praetorem:
1027 913 1148 978 deinde
1158 915 1193 976 in
1204 913 1339 978 orches·

250 1033 335 1087 tram
352 1019 621 1103 Senatumque⁶¹¹
644 1019 828 1096 descendit,
844 1025 879 1081 et
893 1017 1055 1082 orationis
1071 1015 1205 1098 quidem
1220 1015 1338 1080 earmi-

184 1185 188 1194 ,
248 1126 365 1206 nisque
394 1121 505 1186 Latini
533 1127 718 1198 coronam,v
754 1120 806 1208 de
819 1137 888 1202 qua
915 1117 1170 1182 honestissimus
1197 1118 1338 1200 quisque

249 1224 478 1300 contenderat,
493 1224 640 1307 ipsorum
657 1241 819 1287 consensu
833 1238 1028 1285 concessam
1043 1219 1108 1282 sibi
1123 1219 1267 1300 recepit,
1291 1217 1339 1280 ci·

248 1325 351 1389 tbarae
363 1333 376 1373 ⁷
387 1333 405 1358 i
427 1332 552 1401 autem,
569 1343 589 1387 a
598 1325 771 1406 jndicibus
787 1321 829 1386 ad
852 1341 888 1384 se
911 1321 1066 1396 delatam,
1081 1319 1253 1394 adoravit,l
1274 1318 1338 1383 ier·

247 1427 342 1509 rique
357 1426 398 1490 ad
416 1425 559 1508 Augusti
571 1430 717 1490 statuam
728 1425 840 1509 jussit.
884 1423 1064 1507 Gymnioo,
1091 1419 1181 1505 quod
1196 1422 1231 1484 in
1254 1419 1337 1504 Sep·

249 1527 291 1592 tis
302 1525 338 1570 ⁸¹
359 1527 491 1604 edebat,
507 1527 591 1592 inter
607 1528 799 1612 buthysiae*
820 1531 1029 1610 apparatum,
1047 1524 1182 1586 barbam
1199 1523 1339 1605 primam

705 1719 883 1741 uectae-nuo

249 1853 331 1932 codd.
344 1861 371 1903 et
380 1853 447 1903 Edd.
460 1854 582 1904 Rom-5
602 1853 659 1904 Toto
671 1861 724 1904 tres
735 1851 833 1903 Medis.
846 1851 924 1902 Vind.
937 1859 1055 1914 aterque,
1067 1849 1191 1926 cortile
1203 1864 1253 1912 quo
1263 1855 1338 1899 certa·

204 2016 210 2027 .
247 1914 1339 2045 tlt?t?tritttdttnitrutttttttttiffiuizit:titii:

247 2061 300 2095 sec.
312 2047 373 2096 Par.
383 2049 437 2096 sede
450 2061 488 2109 pr.
497 2048 551 2096 sine
566 2054 630 2096 sorte
638 2045 715 2095 vind.
726 2051 748 2095 1.
758 2056 785 2094 et
795 2046 828 2094 its
840 2046 940 2106 legend.
950 2053 1082 2094 monuerat
1091 2042 1212 2092 Beroald.
1230 2043 1342 2092 Protulit

248 2125 263 2158 r
274 2111 323 2159 Μι.
337 2111 396 2159 Urs.
406 2112 447 2158 sed
458 2115 482 2158 et
489 2113 623 2172 maurina,
634 2111 702 2175 quod
716 2110 808 2169 edidit,
818 2110 848 2158 n.
860 2111 998 2173 stupu-ti
1008 2108 1104 2158 Sabell.
1112 2115 1138 2155 et
1148 2107 1204 2156 Bon
1224 2121 1272 2156 ars.
1282 2120 1341 2170 pro·

248 2175 327 2222 bante
347 2175 407 2222 Ern.
426 2175 560 2236 conjacere
576 2176 677 2236 legend.
698 2176 724 2223 irr
742 2175 804 2223 oroi.
824 2189 967 2238 sraaornqae.
1002 2173 1140 2236 Repugnat
1163 2123 1278 2220 Oui-r
1296 2170 1340 2220 ita

248 2238 358 2287 Casaub.
376 2239 647 2299 adjuvantibviterb.
665 2240 726 2289 Liri.
745 2239 810 2300 Reg.
829 2237 912 2286 Codd.
932 2239 994 2287 Par.
1012 2238 1069 2286 Pal.
1081 2243 1106 2286 t.
1127 2237 1212 2286 Perta.
1234 2236 1340 2284 Mamm.

248 2303 365 2351 Heriem.
379 2301 474 2351 Medic.
484 2307 509 2351 2.
520 2306 544 2351 ⁸.
557 2303 637 2353 Polit.
649 2313 675 2352 et
685 2302 752 2353 Edd.
761 2303 833 2351 Vett.
844 2311 942 2366 prester
954 2302 1037 2365 Lugd.
1050 2299 1150 2364 Grypb.
1164 2301 1246 2348 l’iant.
1254 2303 1303 2348 &a
1312 2300 1338 2347 in

247 2368 339 2430 quibus
350 2367 475 2424 sitieram,
487 2381 562 2442 qnam
573 2367 633 2416 lect.
646 2368 734 2416 Burm.
746 2366 831 2416 denno
842 2367 952 2416 invexit.
979 2366 1012 2414 ln
1023 2361 1098 2414 Voss.
1114 2366 1229 2413 citimum
1239 2367 1340 2412 ortoma-

248 2432 292 2478 ait.
327 2431 407 2479 Paulo
419 2439 478 2479 ante
489 2445 636 2493 ipsorumque
646 2431 725 2481 Viud.
739 2435 762 2479 i.
774 2440 800 2480 st
812 2446 871 2479 nrox
888 2433 918 2479 od
928 2430 1043 2490 statim
1055 2429 1169 2490 Auget!
1188 2428 1253 2477 Edd.
1266 2429 1339 2476 Rorn.

247 2497 273 2543 in
285 2495 388 2558 seriptis,
406 2503 431 2544 et
451 2495 477 2543 in
494 2497 558 2544 Mas.
570 2497 667 2560 aliquot
681 2495 785 2556 burum,
797 2495 897 2544 mrum.
931 2495 999 2544 Tum
1010 2493 1188 2542 conditamsine
1199 2507 1244 2554 qus
1255 2493 1339 2541 Paris.

743 2665 849 2715 NO'i'AE

281 2779 427 2832 tA.U.C.
440 2783 497 2828 813.
846 2744 1027 2828 rostrum·
1037 2777 1204 2840 Sentiumque]
1220 2775 1340 2824 idernso·

280 2855 433 2916 'Maricam
451 2855 597 2918 pumicum]
615 2856 657 2905 De
679 2854 774 2904 missino
814 2860 885 2914 nant,
902 2859 931 2902 ut
947 2853 972 2902 in
987 2853 1059 2905 Juiio
1075 2853 1108 2902 ad
1123 2867 1178 2914 cap.
1195 2856 1235 2900 89.
1247 2851 1340 2901 at'i'ib.

248 2928 330 2978 orllruc
347 2929 415 2977 infra
426 2929 452 2978 in
471 2931 619 2980 Domitiano
631 2945 689 2995 rap.
699 2934 725 2978 l.
742 2930 775 2980 de
814 2943 871 2992 rap.
881 2932 922 2980 dd.
935 2936 962 2978 et
974 2929 1065 2978 Claud.
1077 2941 1134 2988 esp.
1146 2931 1186 2977 21.
1195 2931 1243 2976 &a

249 3004 380 3067 Gymnicis
392 3005 417 3052 in
428 3003 543 3067 Augusto
553 3019 575 3054 c.
585 3009 626 3054 43.
638 3009 716 3054 etti.
725 3009 775 3056 dre.
847 3011 858 3036 ¹
877 3002 1003 3065 Coronam]
1019 3004 1125 3053 Tacitus
1135 3002 1179 3052 lib.
1189 3015 1248 3052 xiv.
1265 3003 1340 3051 ‘Eia
1419 3033 1422 3040 ·

281 3080 495 3142 'sternuntque
504 3082 641 3145 gymnasio]
659 3083 774 3130 Thermas
815 3080 927 3143 quentia
951 3080 1044 3141 primas
1065 3088 1150 3142 partas
1173 3093 1249 3128 nemo
1271 3078 1340 3132 tulit,

248 3155 353 3204 suerum
376 3153 467 3204 balnea
484 3157 621 3204 calidarum
641 3171 774 3221 aqrrsrunr,
814 3155 860 3204 sed
881 3157 1002 3204 victorem
1020 3169 1077 3206 esse
1088 3157 1216 3206 Curarem
1230 3169 1341 3220 pronun·

248 3230 334 3294 qrraiia
361 3232 489 3299 pluralet
522 3231 774 3294 magnificentissima
816 3229 927 3280 tiatu¹¹··'

248 3305 321 3355 suere
332 3306 379 3355 sub
391 3306 600 3370 imperatoribus.
635 3307 682 3356 iiis
694 3306 771 3356 aditi·
845 3314 862 3338 '
880 3307 987 3355 Citisnroe
1004 3306 1142 3371 [citiorum]
1158 3307 1299 3356 Beroaldus
1314 3313 1342 3353 et

248 3384 293 3432 riis
311 3381 487 3445 jungebantur
508 3383 638 3446 gymnesia
658 3383 774 3446 ephebos
813 3383 956 3432 Sabellicus
967 3383 1252 3448 leguntritlrnrae,qnod
1270 3392 1297 3432 et
1314 3383 1339 3430 in

249 3459 344 3517 stadia,
362 3459 463 3522 elinque
482 3457 508 3507 id
528 3471 607 3520 gertus
624 3459 681 3507 ioca
701 3472 774 3507 exer·
815 3460 880 3510 iliss.
908 3457 995 3508 multis
1023 3458 1187 3508 casaubonus
1215 3459 1340 3518 agnoscit.

249 3532 336 3582 tendis
347 3531 498 3595 corporibus
510 3532 646 3582 destinata.
814 3536 870 3588 Qua
889 3543 996 3597 recepta
1014 3533 1135 3594 lectione,
1146 3533 1289 3596 rnppionda
1301 3540 1341 3582 est

280 3611 288 3640 ¹
306 3609 402 3672 Oleum]
419 3609 460 3657 rid
472 3623 544 3658 nsum
557 3610 655 3658 scilicet
667 3623 773 3672 gymna-
814 3624 864 3660 vox
885 3623 1000 3668 masam,
1020 3607 1085 3669 quod
1105 3607 1262 3670 probabilius
1280 3617 1337 3655 err:

248 3685 294 3734 sii:
311 3685 360 3733 lroe
374 3686 442 3734 enim
461 3685 522 3747 ungi
538 3685 639 3734 salubre
651 3694 690 3734 sat
702 3699 772 3748 gym·
813 3685 878 3735 baua
890 3687 956 3734 enirn
973 3685 1060 3747 potius
1080 3697 1154 3747 quam
1171 3683 1292 3732 citbaranr
1305 3683 1338 3733 ad

247 3762 372 3810 nauticam
400 3758 589 3808 exercentibus.
622 3759 692 3808 iiine
721 3759 772 3808 Pii·
814 3759 925 3823 Augusti
936 3769 1045 3810 staturam
1058 3759 1224 3808 iniseritrcui
1236 3760 1339 3808 accedit

248 3838 305 3886 nius
327 3836 370 3885 lib.
393 3848 452 3884 xiv.
474 3849 532 3897 cap.
554 3839 595 3883 2².
613 3835 690 3883 ¹Duo
712 3842 774 3884 sunt
813 3836 880 3901 quod
901 3835 1028 3886 Eusebius
1046 3836 1180 3889 tertiaeet,
1198 3843 1305 3884 structor
1324 3851 1339 3882 a

247 3915 360 3976 liquores
379 3912 488 3960 humano
505 3909 606 3972 corpori
627 3909 774 3971 gratissimi,
814 3912 919 3962 Narone
934 3913 959 3959 in
977 3911 1167 3962 citharistarum
1185 3923 1266 3973 agone
1278 3924 1337 3959 cou-

248 3989 317 4036 intus
335 3988 396 4052 vini,
413 3985 474 4036 loris
491 3985 560 4036 olei!
592 3985 715 4048 Virgilius
732 3985 774 4034 iii·
814 3987 936 4036 tendente
949 3985 1027 4035 irrisae
1040 3992 1183 4048 superatos.

248 4064 318 4122 naid.
337 4076 381 4111 ru.
398 4063 557 4113 derlrtiacis
572 4063 655 4110 ludis:
673 4063 774 4110 ‘sser-
845 4069 858 4094 ¹
874 4060 1004 4123 Adorrrtt]
1030 4059 1096 4109 Vide
1107 4059 1133 4110 in
1151 4059 1219 4124 Aug.
1237 4060 1268 4110 ad
1281 4074 1338 4124 cap.

248 4145 309 4186 rent
331 4138 425 4199 patrias
446 4141 503 4189 oleo
519 4138 623 4188 lubente
640 4139 773 4202 pataesrras
811 4141 931 4186 uinum.
944 4139 985 4184 28.

250 4210 348 4266 Nudati
359 4212 439 4263 serii!
846 4217 857 4254 t
875 4200 1000 4276 ὀμνύω,
1019 4209 1080 4274 quod
1095 4211 1121 4262 in
1139 4211 1231 4277 Septis]
1249 4211 1339 4264 Certa·
