3084 4836
625 357 871 408 uourutssus.
1227 349 1292 413 985

205 499 342 564 Juuiuru
373 499 567 577 Rusticum,'
591 499 682 583 quod
720 501 809 566 Paeti
837 501 1040 570 Thruseae⁶¹
1065 511 1098 569 et
1134 505 1289 571 Helvidii
1343 487 1346 494 ⁵

206 601 314 664 Prisci
327 601 443 666 laudes
459 601 631 678 edidisset,
646 602 945 687 appellassetqua⁷
960 611 1041 670 eos‘
1057 609 1290 672 sanctissimos

205 702 295 766 viros
305 701 324 780 ;'
346 702 444 785 cujus
460 703 607 767 criminis
619 704 798 768 occasione
810 705 1054 790 philosophos⁸
1069 726 1181 772 omnes
1198 709 1290 773 Urbe

205 801 371 885 italiaque
385 805 573 868 summovit.
618 803 751 868 Occidit
766 812 803 868 ot
825 805 1020 871 Helvidium
1040 809 1154 883 filium,
1169 808 1289 892 quasi⁸

205 905 339 968 scenico
353 905 478 969 exodio
489 903 502 940 ¹¹
513 906 577 968 sub
592 923 732 987 pcrsoua
743 905 876 970 Paridis
890 917 924 971 et
935 906 1100 973 OEnones¹
1113 909 1289 974 divortium

203 1024 298 1068 suum
314 1025 388 1069 cum
404 1023 509 1070 texore
524 1013 678 1070 taxasset
689 1015 722 1068 :⁹
744 1006 898 1072 Flavium
923 1010 1097 1087 Sabinum,
1112 1009 1251 1074 alterurn
1269 1030 1288 1073 e

203 1103 433 1188 patruelibus*
446 1107 536 1189 quod
553 1124 640 1182 eum,
656 1107 863 1172 comitiorum
877 1109 1097 1176 consularium
1107 1117 1133 1148 ¹0
1145 1109 1198 1174 dio
1214 1111 1290 1174 des-

203 1207 356 1284 tinatum,
376 1226 543 1290 perperam
567 1227 680 1290 praeco
702 1227 770 1272 uou
794 1207 1019 1274 ‘Consulem'
1043 1211 1086 1274 ad
1117 1213 1289 1294 populum,

203 1307 262 1370 sod
277 1309 288 1342 ‘
304 1307 556 1390 Imperatorem’
570 1309 829 1391 pronuntiasset.
873 1309 998 1374 Verum
1019 1313 1194 1396 aliquanto
1210 1321 1289 1395 popt

205 1407 314 1471 civilis
329 1404 423 1472 bolli¹
445 1409 621 1474 victoriam
635 1409 769 1485 saeuior,
784 1409 960 1492 plerosque
969 1417 989 1446 ³¹
1011 1413 1114 1494 partis
1128 1411 1288 1490 adversae,

205 1506 404 1574 dometium
428 1509 565 1574 latentes
588 1509 744 1573 conscios
764 1510 967 1592 investigat,¹
991 1530 1079 1576 noso
1094 1514 1290 1594 quaestionis

203 1625 325 1690 genera
335 1616 350 1644 ¹²
370 1609 534 1688 distorsit,
547 1611 696 1674 immisso
711 1625 769 1694 pcr
783 1611 945 1676 obscoeua
958 1611 1052 1694 igue:
1074 1614 1241 1678 nonnullis
1256 1623 1289 1678 et

687 1821 835 1844 neuneu

204 1967 252 2014 nm
263 1971 290 2014 et
300 1965 521 2032 Lustemqnidum
530 1967 612 2018 codd.
624 1971 712 2018 Burm.
724 1974 752 2018 et
760 1968 826 2018 Edd.
835 1970 950 2019 Van-ti
963 1969 1057 2018 Petitur
1067 1969 1120 2018 tired
1129 1970 1171 2018 ted
1180 1973 1204 2018 et
1212 1969 1288 2020 Fono.

201 2031 290 2092 petitu
301 2045 404 2096 quoque
415 2033 537 2082 exhibent
549 2033 614 2097 cop.
625 2033 722 2083 Medic.
734 2037 758 2081 1.
773 2033 920 2084 e.vtnd.1.
937 2033 1018 2082 uteri
1029 2033 1069 2082 tel
1083 2033 1173 2082 Eteidii
1185 2035 1290 2082 Menan.

205 2095 302 2143 Medic.
315 2099 335 2144 l.
346 2103 374 2144 et
386 2096 500 2160 plerique
513 2097 577 2147 Mes.
589 2105 615 2146 et
627 2097 695 2147 Edd.
706 2098 781 2147 Vott.
790 2110 821 2146 eo
832 2111 891 2146 rnor
903 2097 1033 2145 Eteide'ene.
1057 2097 1152 2146 Exulet
1164 2097 1245 2146 Prisci
1255 2098 1288 2146 etr

204 2157 271 2206 Edd.
284 2157 406 2208 Rern-⁷
423 2159 466 2208 sie
477 2159 583 2209 edidere
594 2163 682 2225 steph.
694 2161 770 2211 Grut·
782 2161 890 2210 Ceeeub.
899 2159 982 2211 Scite.
993 2161 1081 2210 Burro.
1093 2167 1119 2210 et
1130 2168 1238 2210 recenti.
1250 2175 1289 2210 et·

205 2221 350 2285 tiputeutib.
361 2223 458 2273 Medic.
468 2224 525 2273 Pei.
535 2225 690 2274 Duu.Poiit.
699 2224 856 2275 vindecet.
867 2233 894 2273 et
902 2223 1081 2273 duobue'i'orr.
1098 2224 1141 2274 ΑΙ.
1152 2226 1291 2286 appelleret·

204 2300 256 2348 que,
269 2287 315 2335 nisi
326 2286 392 2351 qnod
403 2289 589 2352 inprimeretque
600 2297 638 2338 eet
650 2289 677 2338 iu
690 2289 756 2338 Edd.
769 2291 842 2338 Rom.
854 2289 920 2338 Ven.
933 2291 955 2335 t.
987 2288 1068 2338 Ceret
1079 2289 1157 2337 Foue.
1167 2289 1202 2349 τᾷ
1211 2302 1251 2338 ees
1262 2297 1290 2338 et

203 2349 328 2414 rqifiiitne.
345 2351 376 2399 iu
386 2353 475 2402 todem
483 2359 523 2400 eet
531 2353 662 2402 omnin-ti
673 2353 749 2414 Vnig.
761 2355 822 2416 quod
830 2350 956 2415 pertinet
965 2352 1125 2415 peoddeteeit
1134 2353 1289 2402 Grument-

204 2415 309 2464 toritete
320 2415 425 2466 Menum.
455 2415 582 2467 robentib.
595 2417 656 2466 Ero.
669 2414 803 2465 Oudcutu
816 2417 894 2466 Potit.
905 2424 1014 2476 utroque
1023 2417 1101 2465 vind.
1112 2424 1139 2465 et
1151 2417 1222 2466 eene.
1235 2417 1290 2466 eive

204 2477 264 2541 Lyn.
281 2487 412 2540 praeunte
454 2494 504 2528 orr.
521 2483 617 2530 eeerdte
635 2480 698 2529 deut
710 2479 760 2528 dno
770 2481 841 2529 'i'orn
853 2479 936 2528 Perir.
949 2479 1014 2529 Edd.
1025 2482 1147 2529 Rom-ti
1163 2480 1204 2529 lte
1214 2493 1288 2592 repo·

204 2541 256 2591 suit
268 2543 374 2592 urent.
391 2557 423 2592 es
432 2545 487 2593 tuis
497 2545 561 2593 Mes.
570 2553 598 2594 et
608 2545 656 2592 Ed.
668 2546 758 2606 Steptt.
770 2542 959 2592 coufimeutib.
975 2543 1031 2591 Pet.
1040 2547 1062 2594 1.
1073 2548 1098 2592 t.
1111 2544 1180 2592 Duu.
1191 2544 1235 2592 Me
1255 2545 1288 2592 ic.

203 2603 281 2654 Viud.
295 2607 365 2656 Cott.
376 2608 450 2656 Voss.
466 2607 581 2670 sititque.
606 2608 681 2666 Vuis.
694 2611 829 2669 nutent,
838 2606 905 2668 qood
916 2603 1034 2656 defendit
1050 2607 1151 2655 Mersit.
1183 2607 1246 2656 Mox
1259 2621 1290 2656 ea·

199 2674 265 2732 potr.
283 2669 360 2718 vind.
374 2674 459 2720 l.-l⁰
477 2671 566 2718 ΕΜ
583 2685 640 2718 eom.
657 2671 814 2718 cantoribus
829 2669 926 2719 Medic.
943 2673 968 2718 2.
989 2671 1056 2718 Dun.
1072 2670 1110 2718 dt'e
1128 2670 1154 2717 tn
1172 2670 1289 2718 destincte

204 2733 283 2782 Foco.
300 2733 343 2796 qni
355 2741 382 2782 et
391 2732 458 2782 intre
467 2738 611 2783 ceum-t
630 2733 713 2782 lteex
724 2733 771 2782 Ed.
782 2733 872 2795 steph.
883 2731 1010 2781 dederont
1020 2733 1107 2781 θεων.
1118 2734 1207 2781 Buten.
1220 2733 1289 2782 Oud.

202 2796 328 2846 Brutine.
348 2796 718 2860 probeutedee.Grou.Voig.
733 2797 968 2846 mendicante.
983 2795 1132 2856 infatigato.
1164 2795 1215 2844 Sed
1234 2799 1291 2844 dein
1329 2841 1334 2846 .

153 2883 163 2904 ι
204 2859 323 2922 prebent
336 2861 440 2909 Merum.
452 2861 546 2910 Medic.
559 2865 583 2909 8.
596 2861 673 2909 Potit.
685 2861 740 2908 Pei.
752 2865 776 2909 2.
788 2861 813 2909 in
824 2859 915 2923 quibos
927 2860 1004 2908 etiem
1014 2860 1117 2908 tcteetie.
1141 2857 1197 2907 Pei.
1211 2863 1289 2907 Μυ-

203 2924 257 2970 dm
268 2923 339 2974 ettae
345 2929 368 2972 et
378 2926 420 2974 tut.
441 2925 700 2985 Serveutieeeettgcto
711 2924 774 2972 Mes.
785 2924 818 2973 0.
828 2931 856 2972 et
866 2923 930 2972 Edd.
940 2924 1010 2973 Vett.
1032 2923 1104 2972 Torr.
1115 2923 1196 2972 deleri
1209 2923 1290 2970 votuit

203 2988 312 3043 werras,
325 2997 352 3038 et
362 2989 516 3050 investigatos
527 2990 585 3052 teet.
608 2989 718 3038 cessate.
728 2987 794 3051 eonj.
806 3002 850 3051 per
858 3002 921 3036 cone.
931 2987 1094 3048 incedigoton
1104 2986 1192 3035 Burro.
1202 2987 1289 3034 Mem

203 3051 276 3100 nium
283 3054 300 3102 t.
311 3069 334 3104 e.
344 3053 557 3117 rediemtigetoe,
574 3051 675 3102 Marcii.
693 3053 780 3101 deden
798 3067 819 3102 e.
835 3053 852 3102 t.
868 3067 889 3102 e.
902 3051 1067 3114 iaceuigetoe,
1083 3051 1125 3100 cui
1136 3049 1289 3101 invitetis

693 3229 801 3282 Now

237 3337 327 3390 'Pati
351 3343 471 3408 Mesua]
496 3343 537 3393 De
558 3341 726 3408 quibustuae
767 3339 1058 3390 duorumt'retrutntiiii.

203 3415 321 3466 Tacitus.
799 3415 805 3448 ¹
824 3415 910 3464 ctettte
931 3413 996 3476 seut]
1021 3414 1084 3477 Ejus
1102 3411 1290 3470 verosimiliter.

235 3491 427 3554 'Ptitoeoptod
444 3491 518 3542 iuter
537 3505 600 3556 quoe
618 3491 726 3554 Epicte-
767 3490 836 3554 qnod
858 3490 891 3539 eb
909 3488 1021 3539 Autouio
1037 3489 1176 3538 Saturnino
1192 3497 1289 3540 ructum

204 3571 246 3615 tus
263 3568 383 3629 expuisse
394 3567 452 3629 soit,
469 3576 536 3617 teste
547 3568 633 3617 Getiic
645 3580 691 3616 xv.
703 3581 727 3616 c·
767 3571 833 3626 eret,
842 3564 938 3628 dequo
949 3577 1027 3625 sopra
1037 3577 1061 3614 e.
1072 3566 1097 3612 e.
1325 3609 1327 3614 .

206 3644 245 3691 11.
278 3643 346 3692 Vide
373 3650 401 3692 et
423 3643 605 3692 Phitoetretutn
626 3644 651 3691 iu
672 3643 727 3691 vite
797 3648 815 3674 ¹¹
832 3638 971 3702 Pleraeque]
988 3637 1289 3701 lurpticitemhechec·

204 3717 335 3778 Apottenti
354 3717 397 3767 iib.
416 3731 466 3768 vn.
481 3717 726 3782 cep.lt.qooede1u
766 3713 1290 3766 tioueursiceutendetceseubou.teteetee

203 3793 281 3842 etiem
293 3793 389 3842 occisos
402 3800 512 3843 teetetut
525 3793 652 3856 xiphilin.
764 3807 808 3855 per
826 3793 928 3842 emerius
943 3791 1107 3851 inordinatos,
1123 3803 1190 3850 ecee,
1200 3791 1240 3850 ξι.
1260 3795 1290 3836 ut

235 3864 247 3899 Β
262 3866 358 3917 Sceeieo
367 3867 461 3931 neda]
477 3867 545 3917 Vide
560 3867 587 3916 tu
597 3866 683 3916 Tiber.
694 3866 726 3916 ed
766 3870 800 3917 sit
809 3882 908 3925 senene,
919 3881 973 3928 eos,
988 3866 1031 3929 qui
1046 3862 1162 3913 latebant
1172 3876 1219 3924 per
1229 3875 1290 3910 ccu-

204 3945 281 3992 Μᾶ.
766 3943 843 4004 scios,
863 3954 954 4004 nempe
978 3941 1021 4002 qui
1044 3935 1158 4001 ejusdem
1176 3935 1290 3985 criminis

235 4017 242 4050 ¹
259 4019 358 4068 Paridis
367 4027 389 4068 et
403 4019 518 4084 OEeenee]
533 4020 648 4071 Quorum
659 4032 727 4068 euro·
766 4023 851 4066 emut
870 4014 1019 4078 participes,
1036 4010 1205 4074 investigatos
1222 4024 1289 4074 esee,

203 4107 246 4141 res
257 4095 316 4143 tetis
327 4095 380 4143 noti
391 4109 423 4144 ex
432 4095 526 4145 ovidio
538 4103 564 4145 et
575 4096 641 4144 eiiie.
766 4099 794 4142 et
804 4098 930 4154 repertor.

230 4166 242 4202 ¹
258 4169 282 4216 E
300 4169 455 4234 meratitae]
480 4170 531 4222 Oai
549 4175 609 4220 suot
633 4181 726 4233 nempe
797 4159 1290 4231 ¹Noeepeaerttoeitrenere10uodvi·
