3090 4824
269 351 333 417 836
699 365 729 409 0.
752 360 933 410 subruunt

269 509 350 588 His,
365 510 498 575 diverso
514 507 670 574 vitiorum
685 521 801 585 genere
823 503 1062 586 grassantibus,
1086 506 1173 569 adeo
1196 515 1255 570 se¹
1280 507 1363 573 abu·

270 611 404 675 tendum
426 610 581 694 permisit
605 612 640 670 et
662 604 810 680 tradidit,
836 613 875 668 ut
897 606 957 668 vix
980 606 1046 669 sibi
1069 606 1145 689 ipse
1187 614 1362 672 constaret

268 712 371 776 modo
383 714 532 776 acerbior
544 710 755 794 parciorque,
767 706 865 769 modo
877 707 1048 771 remissior
1058 709 1363 791 ac²negligentior,

269 831 370 896 quam
400 814 589 876 conveniret
622 808 771 888 Principi
799 805 929 884 electo,¹
967 815 1069 890 atquo
1109 809 1189 873 illud
1224 811 1361 874 aetntis.³

272 911 448 990 Quosdam
470 914 578 976 claros
593 929 637 973 ex
659 915 796 988 utroque
810 907 951 970 ordine*
972 909 1074 984 viros,
1096 909 1285 992 suspicione
1301 912 1363 974 mi-

268 1013 368 1084 nima‚
382 1012 550 1077 inauditos
563 1007 810 1073 condemnavit.
856 1006 1063 1073 Civitatem¹¹
1079 1009 1267 1074 Romanam
1283 1011 1360 1076 raro

268 1114 380 1178 dedit:
399 1114 476 1196 jura
490 1113 590 1176 trium
610 1105 823 1174 liberorum⁵¹
847 1109 905 1171 vix
920 1109 1094 1193 uniatque
1116 1111 1230 1190 alteri3
1253 1132 1294 1177 ac
1317 1133 1359 1177 ne

267 1215 319 1276 bis
335 1213 482 1297 quidem,
498 1213 561 1276 nisi
575 1211 616 1275 ad
630 1215 758 1274 certum
771 1207 1038 1292 praefinitumque
1049 1218 1189 1294 ternpus.
1232 1210 1256 1275 J
1259 1213 1363 1276 udici-

268 1315 341 1393 bus,
359 1320 489 1378 sextam
504 1313 669 1377 decuriam
682 1319 702 1346 ¹⁰
725 1311 827 1392 adjici
851 1312 1073 1393 precantibus,
1097 1331 1161 1376 non
1179 1311 1280 1376 modo
1305 1333 1363 1378 ne-

268 1413 369 1493 gavit,
398 1413 578 1476 sedetiam
604 1429 802 1474 concessum
832 1429 852 1473 a
882 1409 1023 1473 Claudio
1045 1411 1295 1491 beneficium,⁶¹¹
1321 1435 1362 1478 no

268 1513 385 1595 hyeme
401 1513 564 1594 initioque
589 1512 664 1575 anni
679 1511 723 1574 ad
744 1510 967 1592 judicandum
990 1519 1213 1588 evocarentur,
1228 1515 1361 1596 eripuit.

267 1613 352 1694 [lo]
374 1613 639 1677 Existimabatur
669 1611 770 1673 etiam
805 1614 976 1676 senatoria
1001 1618 1035 1676 et
1057 1613 1222 1696 equestria
1249 1614 1361 1680 officia

267 1715 385 1798 byenni
409 1715 518 1798 spatio
544 1713 829 1788 determinaturus,
859 1731 922 1776 nec
949 1712 1098 1792 daturus,
1133 1714 1199 1776 nisi
1224 1715 1360 1778 inritis⁰

269 1835 309 1880 ac
321 1817 560 1880 recusantibus.
598 1813 831 1877 liberalitates
846 1811 1006 1890 Neronis,
1019 1833 1085 1877 non
1101 1813 1178 1897 plus
1193 1815 1333 1880 decimis
1347 1826 1361 1864 Ρ

271 2124 303 2158 ex
316 2109 370 2156 toto
383 2105 482 2156 Viterb.
494 2107 577 2154 tumui
588 2105 678 2160 edidit,
690 2119 765 2168 qoem
777 2107 859 2156 secuti
871 2107 953 2161 mrriti,
966 2107 992 2155 in
1003 2107 1074 2172 quib.
1085 2107 1181 2158 setun.
1193 2110 1281 2158 liurm.
1307 2109 1360 2158 Sed

268 2187 364 2220 ramma
375 2171 415 2219 vet
426 2184 513 2218 samm
524 2176 563 2218 est
576 2171 601 2217 in
612 2171 645 2216 0.
658 2169 722 2216 bias.
735 2171 848 2234 reliquia,
859 2172 907 2219 nisi
927 2173 993 2232 qnod
1005 2187 1092 2220 autumo
1110 2173 1180 2220 Dun.
1192 2175 1235 2237 qui
1247 2181 1275 2223 et
1283 2176 1361 2235 grrrdu

268 2235 370 2298 prebet
381 2248 439 2283 eum
451 2233 547 2283 Medic.
562 2235 582 2280 1.
590 2232 668 2280 Vind.
679 2237 702 2282 l.
713 2234 766 2282 Pal.
779 2238 802 2282 t.
820 2236 903 2283 Snaait
913 2235 1000 2284 Grec.
1008 2249 1104 2283 mmmm
1110 2250 1145 2300 eq.
1155 2237 1361 2297 diguitatiacnnd.

267 2305 314 2348 -t
329 2299 493 2348 Fouendum
503 2297 541 2344 ab.
558 2297 622 2344 Mox
631 2296 679 2358 ipre
691 2298 829 2347 restituite
840 2299 914 2346 vose.
923 2298 997 2347 Huts.
1009 2305 1035 2347 et
1046 2299 1113 2347 Edd.
1123 2301 1195 2349 Rom.
1207 2302 1296 2350 Burm.
1308 2310 1335 2349 et
1346 2316 1360 2348 e

269 2364 329 2425 Lyn.
341 2361 453 2412 Ernesti·
485 2359 620 2408 Accedunt
639 2360 733 2409 Medic.
755 2361 832 2410 Petit.
847 2363 923 2410 Vind.
942 2372 1061 2425 uterque,
1078 2370 1105 2411 et
1125 2378 1205 2428 marg.
1223 2365 1271 2415 Ed.
1288 2365 1360 2413 Torr.

269 2427 355 2489 Vutgo
366 2427 422 2489 ipat,
449 2424 499 2472 uod
511 2424 584 2473 deest
593 2424 660 2471 Van.
672 2426 746 2472 Η
764 2425 858 2474 Exulat
868 2442 896 2474 cc
908 2440 924 2474 a
935 2427 1029 2475 Medic.
1043 2429 1065 2473 1.
1078 2431 1101 2474 t.
1114 2427 1179 2488 Cop.
1189 2429 1361 2490 aegtigeatior-

268 2505 312 2552 que
324 2490 403 2540 Potit.
432 2441 532 2546 ‘irenes
542 2491 615 2536 ntmto
631 2488 794 2537 Hariom-tt
813 2489 853 2537 lta
865 2491 970 2538 Momm.
989 2490 1086 2538 Medic.
1102 2490 1179 2538 Petit.
1197 2492 1257 2540 Liri.
1269 2494 1325 2542 Pal.
1337 2497 1362 2540 2.

269 2559 293 2603 t.
307 2554 370 2618 Reg.
383 2553 443 2602 Par.
455 2551 532 2601 Potit.
544 2553 612 2601 Dun.
624 2552 680 2614 Cuj.
693 2553 768 2600 Voss.
780 2567 837 2602 oum
850 2553 916 2602 Edd.
928 2554 1110 2616 steph-Graes.
1119 2553 1196 2604 Gron.
1207 2558 1256 2604 dre.
1274 2556 1361 2617 Vulgo

267 2617 333 2666 itiiaa
351 2620 440 2665 aet.-a
457 2615 498 2664 Ex
516 2616 618 2677 equestri
635 2617 687 2663 ord.
707 2615 772 2678 Cup.
806 2617 874 2666 Dein
893 2618 966 2666 nimia
986 2617 1061 2666 Vind.
1076 2621 1097 2666 t.
1115 2619 1223 2667 civitates
1241 2619 1360 2668 Romam

269 2681 333 2744 (ἆορ.
354 2681 430 2729 Voss.
450 2679 545 2728 Medic.
566 2683 589 2727 l.
609 2683 633 2726 a.
652 2678 757 2727 riuitntia
775 2679 858 2728 Ηωπω
876 2696 897 2728 r.
916 2682 979 2730 dedit
990 2680 1013 2740 j.
1034 2680 1111 2729 Vind.
1124 2686 1195 2731 l.-b
1213 2681 1361 2731 libertorum

269 2745 385 2794 Hartem.
418 2745 481 2792 Mox
493 2741 666 2802 decimarent).
679 2743 755 2791 Huis.
767 2745 807 2791 aad
818 2750 842 2792 et
853 2758 899 2806 pro
911 2745 983 2793 etiam
999 2745 1130 2806 rescripsit
1151 2745 1220 2794 Oud.
1238 2745 1290 2794 fide
1301 2747 1360 2795 Me-

268 2807 319 2856 dic.
334 2809 410 2858 Petit.
421 2806 498 2855 Vind.
510 2812 532 2854 1.
550 2807 632 2866 Vulgo
643 2806 722 2854 etiam.
738 2807 881 2870 Utrumque
894 2807 966 2857 derat
984 2808 1097 2870 Com—b
1113 2809 1180 2858 Beue
1214 2810 1220 2821 ‘
1244 2810 1319 2859 Vota.
1330 2813 1360 2858 de

268 2872 341 2922 bieme
353 2871 518 2922 Heriem-t
536 2869 625 2919 Bienm'
637 2869 733 2921 Medic.
744 2874 770 2919 2.
780 2873 806 2919 ³.
819 2871 983 2920 nartem-s
1003 2871 1131 2934 Utriqaid
1183 2873 1267 2922 ‚Bam
1293 2873 1358 2924 Tum

761 3014 870 3065 Nom

298 3113 304 3147 ¹
326 3113 417 3176 Ebrio]
433 3111 493 3161 Huc
510 3111 577 3160 enim
597 3124 676 3174 usqne
687 3111 793 3161 hoereti·
832 3111 906 3164 derat
924 3112 1046 3174 caligata,
1064 3124 1141 3176 anpra
1158 3111 1184 3160 in
1198 3111 1282 3176 Catia.
1299 3126 1358 3177 cap.

269 3188 487 3254 tarioqnaaijure
505 3194 683 3236 aueeaaaerant
698 3185 792 3249 prinei·
833 3192 872 3238 to.
904 3190 947 3238 De
972 3187 1081 3236 decorita
1105 3187 1155 3236 iilia
1177 3187 1203 3234 in
1228 3187 1298 3252 Aug.
1325 3187 1358 3237 ad

268 3281 323 3333 per,
340 3267 461 3316 utetiam
480 3264 513 3313 de
531 3263 648 3313 Druaiita
664 3264 688 3312 in
709 3263 790 3324 Catig.
831 3277 887 3327 cap.
898 3266 938 3311 29.
1337 3301 1339 3306 .

268 3359 326 3408 cap.
337 3347 378 3393 at.
391 3341 470 3390 dixit:
490 3339 632 3390 accedebat
645 3346 728 3388 tamen
747 3339 792 3387 Se·
864 3345 875 3370 ¹²
892 3337 1048 3404 Beneficium]
1069 3339 1101 3388 ln
1113 3337 1204 3387 Claud.
1215 3339 1274 3400 cao.
1286 3343 1326 3388 22.

267 3427 343 3466 natur
365 3415 503 3466 auctoritas
524 3415 649 3464 duntaxat
676 3412 708 3462 ad
736 3426 792 3475 spe·
864 3413 991 3474 ⁰lustitia]
1019 3415 1062 3462 lta
1092 3412 1169 3461 atad
1190 3413 1357 3476 magistratus

267 3494 333 3542 ciem
351 3497 459 3540 servate
480 3485 792 3549 libertatir,unde'1'aci·
832 3489 954 3537 creberet
974 3488 1030 3536 iiior
1055 3490 1098 3552 qui
1121 3488 1218 3537 nollent
1244 3489 1285 3537 vet
1307 3503 1357 3538 uon

268 3577 310 3618 tua
329 3581 347 3616 r.
370 3566 441 3615 iiiut.
462 3570 545 3623 notat,
569 3565 692 3612 Senatum
716 3562 792 3611 variis
831 3561 967 3612 ambirent.
986 3561 1028 3611 lta
1042 3562 1127 3611 Livius
1139 3561 1219 3612 Fabio
1230 3565 1358 3613 recusanti

269 3644 379 3692 motibus
404 3641 527 3704 agitatum
549 3638 633 3686 electo
652 3637 744 3694 Gatba,
765 3643 793 3685 et
832 3637 990 3686 consrrtatum
1001 3637 1089 3686 datum
1103 3637 1174 3688 dicit.
1202 3639 1358 3690 Contrane-

268 3718 414 3781 ‘ernigato
447 3715 551 3778 imperii
585 3727 688 3772 arcano,
718 3725 792 3774 possa
831 3726 859 3761 ro
887 3711 1008 3761 claudia·
1028 3713 1182 3762 senatoriam
1205 3713 1357 3777 dignitatem

268 3795 417 3854 Principem
430 3789 488 3840 aiibi
500 3803 574 3853 quam
588 3790 673 3837 Rome
686 3788 760 3836 fieri!
832 3788 1007 3838 recusantibus
1029 3795 1056 3838 et
1083 3795 1228 3851 equestrem
1254 3787 1360 3839 ademit.

300 3869 311 3902 ¹¹
330 3865 469 3930 Civitatem]
485 3865 533 3916 Jus
544 3865 576 3913 ad
587 3866 693 3914 bonores
704 3872 731 3913 et
740 3864 792 3913 aui·
832 3865 862 3912 lu
873 3865 962 3913 Claud.
975 3878 1031 3926 cap.
1041 3867 1081 3912 nt.

266 3943 358 4006 tregia.
378 3943 407 3991 tn
418 3943 470 3993 Jut.
481 3941 512 3990 ad
523 3954 579 4005 cap.
592 3945 615 3989 Β.
863 3939 1007 4000 tDerireia]
1029 3939 1088 3987 Hoc
1110 3945 1160 4000 ert,
1182 3950 1231 3987 non
1254 3939 1359 4004 reliquit

301 4018 306 4050 ¹
322 4021 384 4068 dura
400 4017 473 4067 tritura
490 4015 627 4077 liberorum]
648 4017 690 4065 De
709 4015 748 4064 iris
765 4014 790 4062 in
830 4014 974 4062 habendam
992 4013 1039 4061 niai
1057 4012 1181 4062 decimam
1198 4020 1298 4076 partem
1316 4030 1359 4064 eo·

269 4093 360 4143 ctare
372 4093 404 4140 ad
417 4106 475 4155 cap.
488 4097 526 4140 19.
832 4102 886 4136 rum
904 4101 960 4152 quse
982 4086 1053 4136 Nero
1076 4087 1253 4152 largitionibus
1270 4091 1357 4153 profu-

301 4175 318 4199 π·
336 4166 570 4230 Sestnmdeeariam]
586 4165 708 4218 Quintam
720 4163 790 4215 addi·
832 4162 913 4212 derat.
937 4161 968 4210 In
981 4160 1044 4212 Ner.
1062 4175 1120 4225 cap.
1137 4163 1178 4211 tt.
1195 4169 1223 4212 et
1237 4165 1278 4212 tt.
1305 4165 1357 4215 Ve-
