3118 4852
711 404 743 451 0·
767 401 945 453 suenum!

617 680 739 747 Servius
754 681 787 746 in
806 695 870 746 v11.
883 647 970 746 mn.
988 679 1062 747 629.

335 832 525 898 Secundum
553 833 761 909 Suetonium,
786 832 824 894 iu
847 831 933 896 libro
957 831 1000 896 de
1025 803 1113 894 vitiis
1138 827 1383 911 corporalibus,

292 932 447 998 ‘Arvina
471 939 523 998 est
546 933 664 998 durum
686 933 819 1015 pingue,
839 947 916 1014 quse
938 937 991 998 est
1014 931 1231 995 intercutem
1256 935 1294 994 et*
1315 930 1383 992 vis-

293 1032 376 1098 cus!

631 1181 684 1246 De
704 1201 738 1246 re
756 1179 912 1294 vestiprie
928 1180 1039 1245 Liber.

470 1349 487 1389 s
562 1327 689 1394 Seruius
702 1330 736 1393 in
751 1324 825 1392 Lib.
842 1346 911 1393 vll.
936 1328 1011 1392 AEn.
1025 1330 1102 1395 612.

334 1463 515 1529 Suetonius
530 1463 564 1526 iu
578 1463 663 1528 libro
678 1463 721 1527 (le
735 1481 855 1546 genere
874 1462 1017 1527 vestium
1034 1461 1127 1537 dieit,
1151 1462 1212 1524 triu
1234 1481 1307 1526 esse
1322 1484 1380 1545 ge-

288 1582 369 1628 nera
387 1564 581 1628 uobeutum.
625 1563 737 1627 Unum
761 1563 838 1627 Diis
861 1568 1041 1639 sacratum,
1064 1561 1155 1645 quod
1173 1568 1226 1627 ost
1251 1569 1378 1628 tuntum

290 1664 333 1728 de
347 1683 504 1747 purpura.
547 1662 649 1728 Aliud
665 1683 789 1745 regum,
805 1663 896 1746 quod
912 1671 964 1728 est
985 1681 1197 1752 purpureum,
1210 1662 1313 1727 hebet
1332 1671 1380 1741 tu,-

289 1783 365 1854 men
395 1765 507 1828 elbum
529 1762 668 1847 aliquid.
720 1762 871 1828 Tertium
901 1763 1076 1846 augurale,
1098 1763 1140 1828 (lo
1168 1781 1316 1847 purpura
1340 1771 1377 1829 et

290 1883 405 1930 coeco.

631 2012 686 2077 De
697 2013 796 2078 rebus
810 2013 913 2078 variis
925 2012 1036 2077 Liber.

504 2159 662 2246 Sosipater
676 2158 838 2225 Charisius
853 2158 926 2225 Lib.
943 2179 984 2227 11.
1000 2183 1079 2248 pug-
1092 2164 1167 2229 210.

333 2295 516 2360 Suetonius
536 2294 762 2378 Tranquillus,
784 2293 826 2360 de
852 2298 952 2360 rebus
976 2297 1090 2376 variis,
1111 2297 1374 2380 Praepositiones

288 2393 431 2480 (iuquit)
448 2413 561 2458 omnes
575 2395 707 2459 omuino
722 2399 800 2458 suut
814 2393 946 2460 Grseoae
960 2397 1029 2462 duo
1045 2397 1087 2460 de
1101 2397 1226 2480 viginti,
1241 2399 1300 2482 qui
1314 2419 1373 2464 nu·

289 2513 400 2561 merus
414 2495 497 2560 inter
511 2513 624 2560 omnes
638 2494 777 2560 criticos
786 2493 1032 2561 Grammaticos
1047 2496 1195 2578 perfecte
1211 2499 1374 2564 convenit.

289 2594 438 2660 Nostros
460 2613 540 2660 vero
562 2614 637 2659 esse
658 2594 731 2677 hus,
754 2595 811 2673 ab,
830 2593 886 2674 od,
901 2601 1034 2678 praeter,
1054 2615 1128 2680 pro,
1150 2616 1232 2680 prro,
1249 2599 1297 2677 in,
1317 2617 1373 2677 ex,

288 2695 363 2776 sub,
377 2714 489 2780 super,
504 2696 625 2762 subter.

594 2897 596 2902 ’
618 2890 705 2958 idem
729 2891 803 2958 Lib.
819 2909 861 2956 11.
879 2913 958 2979 pag.
972 2894 1049 2959 1⁷5.

331 3039 514 3105 Suetonius
536 3040 750 3122 Tranquillus
775 3039 1007 3106 Praeverbium
1028 3046 1124 3125 putot
1149 3039 1216 3106 dici
1241 3042 1372 3121 debere,

289 3141 378 3225 quod
393 3147 480 3219 unte,
494 3140 551 3206 vel
573 3139 793 3217 Aduerbium,
816 3139 909 3223 quod
927 3145 1009 3226 post
1029 3141 1169 3207 verbum
1193 3143 1372 3226 appellatio

288 3243 388 3308 etiam
402 3259 591 3325 nomenque
604 3245 756 3326 ponetur.

629 3458 683 3523 De
704 3457 844 3522 vocibus
864 3456 1033 3522 ominosis.
1102 3449 1136 3496 *1

603 3604 729 3668 Seruius
749 3603 793 3668 ud
823 3620 862 3668 ιι.
887 3603 961 3667 AEn.
982 3603 1058 3670 683.

330 3736 512 3801 Suetonius
532 3737 595 3803 triu
613 3756 734 3822 genere
755 3739 916 3819 pileorum
933 3735 1032 3815 dixit,
1047 3735 1169 3819 quibus
1183 3733 1371 3828 secerdotes

288 3842 435 3914 utuntur,
463 3837 604 3920 epioem,
630 3837 783 3915 tutulum,
812 3837 973 3920 galerum:
993 3837 1053 3901 sed
1084 3835 1224 3920 opicum,
1248 3833 1373 3916 pileum

289 3936 400 4014 sutile,
427 3937 517 4002 circe
552 3937 697 4004 medium
729 3939 823 4020 virgo
847 3939 1033 4018 eminente;
1062 3936 1217 4011 tutulum,
1247 3932 1373 4016 pileum

288 4033 561 4144 luuntumtmetee
582 4039 708 4132 ἥρωας
733 4037 891 4124 galerum,
923 4038 1048 4123 pileum
1077 4055 1121 4099 ex
1144 4033 1230 4119 pelle
1251 4032 1372 4098 hostiur

290 4151 401 4200 censeo.
