3090 4824
268 366 333 434 868
695 377 727 423 c.
749 372 926 424 sunrourr

272 528 400 601 Fauno,
417 521 634 605 Aboriginum
654 532 752 604 rege,e
774 527 810 584 et
824 513 993 595 Vitellia,d
1014 535 1089 600 qum
1112 515 1226 579 multis
1249 515 1358 580 looisr

269 648 331 712 pro
347 627 477 689 numine
493 625 664 699 coleretur,
675 627 776 694 ortos,
789 627 860 684 toto
875 619 973 683 Latio
990 619 1172 700 imperasse
1184 615 1218 683 :⁶
1239 616 1356 682 borum

269 728 435 792 residuam
450 728 585 807 stirpem
599 743 643 787 ex
658 723 791 786 Sabinis
815 722 972 784 transisse
989 719 1142 797 Romam,
1158 727 1259 802 atque
1273 719 1358 784 inter

270 830 426 912 patricios
456 826 654 890 allectam:⁸
684 822 813 886 indicia
842 823 956 905 stirpis
981 822 1144 886 mansisse
1174 819 1242 898 diu,
1268 823 1358 885 riam

270 928 439 992 Vitelliam
454 923 491 974 7‘
512 929 554 989 ab
578 925 734 990 laniculo
758 924 800 986 ad
823 943 914 988 mare
940 941 1067 1006 usque3
1089 923 1166 985 item
1189 922 1357 986 coloniam

270 1030 416 1114 ejusdem
430 1029 582 1105 nominis,
599 1045 698 1108 quam
713 1025 827 1108 gentili
843 1025 963 1107 copia⁸
981 1024 1141 1087 adversus
1156 1023 1358 1106 AEquiculos

270 1132 442 1195 tutandam
465 1131 542 1193 olim
565 1129 857 1210 depoposcissent:
881 1133 1025 1209 tempore
1049 1125 1164 1190 deinde
1186 1125 1356 1191 Samnitici

270 1230 374 1310 belli,¹¹
399 1230 558 1314 praesidio
582 1231 617 1292 in
637 1229 798 1312 Apuliam
823 1227 938 1304 misso,
963 1229 1125 1313 quosdam
1148 1246 1192 1292 ex
1210 1226 1356 1291 Vitelliis

721 1423 905 1447 ΜΜΙΑΜΜΟ

271 1557 423 1619 noregia-e
443 1557 540 1605 Cunctis
552 1557 595 1605 loe.
615 1556 712 1606 Medic.
726 1563 749 1608 1.
762 1573 777 1606 ι
788 1573 821 1608 ru.
832 1573 871 1622 pr.
881 1573 934 1622 qne
949 1559 976 1605 in
991 1557 1058 1605 neit.
1067 1554 1170 1603 rolebet
1186 1553 1256 1615 Lipr.
1273 1553 1357 1603 Paulo

271 1629 331 1671 ente
350 1622 433 1670 Fuaro
452 1622 578 1670 Forte-6
595 1622 745 1684 imperitasse
761 1625 811 1670 rluo
832 1623 905 1673 Torr.
919 1619 995 1669 Vind.
1006 1623 1031 1669 Ἄ.
1050 1619 1119 1668 Cort·
1137 1632 1185 1667 nee
1202 1617 1357 1680 displicebat

270 1688 333 1735 Ero.
360 1686 421 1733 Mox
434 1685 496 1733 inter
513 1685 629 1747 principes
646 1687 730 1748 petrin.
743 1687 819 1735 Vind.
832 1691 854 1735 l.
872 1701 946 1735 maur·
960 1687 1001 1733 dia
1019 1682 1132 1732 rerrtrntr
1143 1681 1212 1732 Ond.
1230 1683 1355 1730 auetorib.

270 1753 376 1800 Momm.
394 1749 458 1810 Cop.
479 1748 563 1795 Periz.
576 1751 649 1797 Voss.
667 1751 736 1798 Duo.
758 1752 854 1800 Medic.
866 1750 943 1798 Vind.
968 1747 1033 1798 Edd.
1055 1748 1126 1796 llonr.
1137 1745 1356 1813 Vulgorlr'rrmmre.

270 1815 352 1875 Supra
373 1812 464 1872 judicio
484 1818 516 1859 et.
537 1813 662 1862 Faue—l
686 1815 838 1862 Viteil.einm
849 1813 977 1862 Mediol.
1002 1807 1355 1872 MoxAEqutcotAEdAErepu.

268 1879 331 1926 Tum
343 1877 496 1938 deposcisrent
514 1876 572 1926 Bm·
591 1877 672 1926 mirem
689 1879 766 1928 Fene.
802 1879 855 1928 Pro
869 1879 957 1928 Nurer.
968 1877 1056 1925 mallet
1069 1874 1142 1924 Glrr.
1159 1873 1199 1923 bic
1219 1881 1247 1924 et
1263 1888 1320 1938 cep.
1331 1877 1357 1922 ἱ.

759 2043 863 2094 Nove*

269 2165 345 2220 gusto
358 2155 458 2217 aderat,
470 2155 549 2221 qualis
568 2158 593 2207 in
611 2157 664 2209 tul.
685 2171 742 2222 cap.
754 2162 794 2206 2³.
833 2165 950 2221 cupetur.
977 2159 1053 2208 Hane
1064 2157 1214 2208 Torrentius
1225 2157 1356 2207 existimat

269 2235 310 2284 rel
323 2234 412 2283 Claud.
423 2248 480 2296 erp.
493 2239 533 2284 24.
647 2241 650 2255 ¹
833 2234 967 2284 dicendam
989 2235 1074 2298 potius
1091 2233 1261 2288 ‘Vitellium'
1276 2247 1355 2296 queu-

300 2317 312 2342 θ
329 2310 421 2370 Fuere,
437 2309 593 2372 Aboriginum
609 2309 676 2372 rege]
695 2308 794 2359 Horum
834 2323 910 2372 qnam
919 2315 991 2358 certe
1003 2308 1116 2358 fateatur
1127 2307 1218 2357 melior
1227 2307 1356 2359 Vitunrm.

269 2385 420 2450 populorum
432 2387 504 2448 origo
517 2388 702 2437 vetustissime:
726 2388 793 2436 unde
832 2393 940 2448 propter
957 2385 1082 2434 Virunum
1098 2386 1190 2444 Deum,
1212 2382 1256 2447 qui
1277 2382 1355 2432 ritem

269 2463 348 2510 etiem
360 2463 397 2510 eie
415 2463 499 2513 dictos
510 2464 613 2528 quidam
635 2465 792 2520 existiment,
832 2466 943 2508 tueatur.
978 2461 1019 2508 De
1035 2459 1141 2508 Vitellia
1152 2459 1209 2507 Dea
1230 2459 1265 2507 nil
1283 2458 1355 2523 quic·

267 2537 340 2601 queri
351 2537 406 2586 siue
417 2539 523 2602 origine.
549 2540 622 2588 Hanc
630 2539 712 2590 ltaliae
722 2555 792 2589 orem
829 2549 905 2599 quent
916 2535 977 2586 alibi
987 2536 1051 2600 legi.

269 2613 380 2662 tenuiore
393 2615 469 2676 vulgo
488 2615 631 2664 ereduntur
649 2631 704 2679 qua
717 2615 792 2665 bodie
862 2612 1017 2678 edilectum]
1036 2614 1122 2662 {nster
1140 2612 1254 2662 Claudite
1271 2613 1355 2677 gentis

271 2690 539 2753 Comprmdiltomu.
574 2692 791 2754 Frunrrs,illorum
831 2694 858 2736 et
871 2687 999 2738 Oeteriae.
1028 2687 1355 2752 videinnugmocepu.

268 2778 326 2821 rex,
344 2764 393 2815 soit
412 2767 564 2830 conjunctus
587 2769 682 2816 Fnunae
704 2768 793 2828 sorori,
831 2763 1036 2825 “Tib-ideru-
1049 2767 1073 2811 l·

267 2853 342 2902 qrrem
353 2841 389 2888 rie
401 2840 501 2902 dilexit,
513 2850 677 2891 utmortnam
691 2843 792 2892 nonort-
862 2835 871 2870 ¹
890 2839 958 2889 Viam
978 2839 1108 2902 Vitellium]
1132 2842 1172 2889 De
1193 2840 1238 2888 illa
1254 2853 1355 2904 quoque

269 2914 317 2964 bor
330 2915 421 2964 divinit
433 2914 566 2966 effeceritr
584 2918 638 2966 brec
659 2918 738 2966 Bona
750 2931 793 2966 no·
832 2913 893 2962 nibil
905 2914 973 2978 rpnd
985 2915 1047 2965 elios
1065 2921 1183 2964 auctores
1201 2915 1312 2979 legitur;
1328 2921 1356 2964 at

268 2989 336 3038 mine
351 3005 367 3038 a
376 2990 496 3038 Romanis
507 2992 577 3039 culte
589 2991 712 3043 ereditur.
731 2992 794 3042 out-
831 2989 943 3038 Vitellioe
955 2991 1059 3041 coloniae
1070 2989 1184 3040 meminit
1193 2990 1281 3040 Livius
1290 2990 1357 3040 libro

268 3061 317 3111 bns
329 3072 414 3112 remen
425 3057 459 3113 'de
470 3066 545 3115 rebus
558 3067 739 3116 rarieornnino
751 3082 794 3115 va·
832 3078 858 3114 r.
875 3065 976 3114 Deced.
994 3079 1014 3115 r.
1046 3065 1189 3116 Jrnieulnm
1210 3080 1272 3114 vero
1294 3079 1358 3116 unus

268 3136 310 3184 rii.
342 3135 554 3188 Halicarnasseus
566 3139 583 3189 l.
595 3155 614 3190 r.
638 3140 795 3204 Pomponius
832 3147 873 3188 est
894 3155 909 3188 e
932 3147 1031 3204 reptem
1054 3142 1133 3191 Urbir
1155 3142 1291 3198 montibus.
1311 3141 1357 3205 qui

268 3211 378 3260 Sebinno
387 3212 405 3260 1.
413 3213 612 3263 aetServiuein
620 3229 671 3264 vrr.
681 3216 738 3264 AEn.
746 3218 794 3266 &a
831 3215 907 3264 bodie
918 3223 1025 3282 propter
1042 3215 1134 3268 flerem
1145 3231 1249 3268 erenum
1261 3218 1356 3268 Mente·

299 3284 311 3318 *¹
332 3285 438 3350 Vitellio]
462 3287 576 3338 Alterum
596 3289 698 3353 quidem
720 3305 735 3339 a
755 3304 794 3340 ro·
831 3290 891 3356 rim,
903 3293 976 3356 quasi
989 3307 1170 3350 snmuemom.
1182 3294 1335 3358 appelletur.

268 3375 327 3411 rore
336 3375 441 3412 uxorem
454 3363 542 3414 Fauno
560 3365 650 3414 tribuit
662 3365 794 3429 Virgilius,
864 3375 876 3410 t
895 3369 989 3418 Gertili
999 3369 1076 3432 copie]
1086 3371 1170 3420 Solius
1180 3371 1265 3434 gentis
1275 3369 1357 3419 Vitel-

268 3434 315 3484 red
347 3442 375 3485 et
404 3436 454 3486 elio
483 3437 595 3501 nomine,
625 3452 675 3488 vrr.
695 3441 795 3491 AEneid.
830 3443 1194 3508 linneviribnauruerabta
1212 3453 1290 3510 gente
1306 3452 1358 3496 tre·

267 3513 366 3563 ‘Hune
386 3505 474 3564 Fauno
493 3523 521 3566 et
540 3517 660 3579 Nympha
681 3517 795 3578 genitum
831 3518 870 3566 dit
883 3519 978 3580 Lirim,
996 3521 1037 3585 qni
1057 3529 1084 3570 et
1095 3521 1257 3570 Vitelliorum
1269 3523 1358 3570 merni-

269 3589 399 3662 ¹Laurente
420 3589 520 3640 Marios
538 3590 703 3654 Accipimus!
742 3594 793 3643 Sed
832 3595 871 3644 uit
882 3594 987 3646 librorr.
1000 3603 1120 3661 tanquam
1131 3599 1214 3660 gentle
1223 3598 1278 3661 jem
1296 3597 1357 3646 inde

268 3677 299 3713 ee
315 3663 413 3727 duplici
431 3667 532 3716 nomine
553 3668 678 3730 appellari
699 3671 794 3733 potuit,
832 3685 847 3718 e
878 3669 1018 3733 Tarquinio
1043 3665 1160 3736 Superbo
1195 3673 1355 3737 conspicue:

268 3741 793 3808 vel,postquambonoredirinocnltaest,
833 3746 1011 3794 ‘Vitelliorum
1041 3761 1113 3796 soror
1144 3747 1249 3798 Contuli
1275 3753 1358 3812 nupta

266 3815 375 3866 vitelli·
386 3816 425 3865 rel
436 3815 502 3864 bona
517 3817 622 3865 Vitellia
642 3821 794 3882 nuncupari,
832 3821 915 3870 Bruto
928 3829 984 3870 erut
994 3821 1009 3870 ς’
1025 3822 1094 3886 quod
1107 3823 1197 3872 mirum
1209 3831 1250 3874 est
1270 3823 1357 3872 omitti

266 3891 309 3940 rel
326 3889 436 3954 denique
454 3891 555 3940 Faunus
573 3891 659 3954 plnres
680 3892 793 3943 duxisse.
831 3895 906 3945 llice
928 3897 1060 3946 Suetonio.
1092 3897 1135 3947 lte
1152 3906 1180 3947 et
1201 3899 1235 3948 de
1257 3897 1358 3947 colonie

268 3965 428 4016 Quaeomnir
445 3967 585 4034 antiquitas
604 3971 793 4020 remotiorred-
831 3970 875 4020 lib.
899 3985 923 4022 v.
954 3972 1099 4021 ‘Vitelliam
1118 3974 1243 4024 coloniam
1264 3973 1358 4022 Rome·

196 4067 199 4077 ·
268 4039 506 4090 ditobreuriesimn.
535 4044 738 4096 Macrobiuslib.
749 4059 792 4094 ιιι.
830 4059 887 4094 uam
905 4046 1325 4113 tungroruoAEqutexpugmnr!

267 4125 325 4175 erp.
337 4117 361 4162 ³.
373 4117 488 4165 meminit
501 4118 567 4167 Dea
584 4119 715 4182 ‘Vitnlae,'
737 4135 792 4184 quse
862 4121 874 4154 ¹¹
887 4121 1014 4170 Samnitici
1025 4122 1091 4188 belli]
1109 4122 1222 4188 lneoepit
1238 4125 1287 4174 boc
1302 4123 1358 4174 bel·

268 4186 366 4237 letitie
378 4191 477 4254 presit,
487 4200 514 4242 et
534 4193 613 4242 avita
625 4194 721 4243 tuenda
730 4207 792 4244 uun·
830 4198 881 4247 lum
894 4212 958 4248 enno
971 4199 1003 4250 rb
1011 4199 1041 4248 U.
1051 4199 1077 4252 C.
1090 4204 1148 4251 lla.
1158 4209 1185 4252 et
1194 4215 1239 4266 per
1249 4207 1356 4252 centnm
