3118 4852
615 359 857 412 FRAGMENTA.

507 631 631 697 Sentius
644 633 688 696 nd
702 652 752 698 tv.
771 633 886 724 Georg.
898 639 972 704 127.

235 776 385 860 Corycos
406 782 491 848 enim
517 782 636 848 civitas
659 793 711 850 est
731 785 874 866 Ciliciae,
900 791 932 852 in
955 807 1026 872 qua
1046 797 1172 858 antrum
1195 795 1277 864 illud

192 877 355 943 famosum
371 900 468 963 paene
483 884 526 948 ab
542 886 697 950 omnibus
712 887 924 953 celebratum.
967 889 1013 953 Et
1032 911 1089 974 per
1102 895 1277 967 transitum

191 981 294 1060 tangit
307 979 473 1046 historiam
495 991 706 1051 memoratum
722 1006 743 1050 a
758 986 926 1053 Suetonio.
970 989 1154 1075 Pompeius
1177 995 1277 1072 onim,

192 1077 291 1140 victis
305 1080 422 1161 piratis
446 1081 618 1163 Cilicibus,
641 1087 763 1168 partim
783 1087 917 1165 ibidem,
932 1091 1052 1172 partim
1078 1091 1112 1155 iu
1132 1093 1276 1170 Graecia,

101 1187 109 1198 ·
190 1181 312 1260 partim
324 1181 358 1244 in
369 1180 536 1260 Calabria,
551 1203 647 1266 agros
660 1185 805 1252 donarit.
1080 1202 1085 1211 '

518 1376 604 1440 idern
617 1377 650 1440 iu
665 1393 713 1439 vt.
732 1377 854 1442 AEueid.
868 1381 942 1446 799.

232 1506 333 1585 Quod
347 1513 459 1573 autem
475 1509 567 1587 dicit,
581 1526 694 1575 verum
708 1519 776 1578 ost.
819 1513 908 1578 Num
922 1521 957 1578 ot
974 1514 1152 1581 Suetonius
1166 1515 1215 1580 ait
1237 1519 1272 1582 in

189 1607 259 1672 rita
273 1607 443 1686 Caesuuis,t
457 1629 618 1693 responsa
638 1631 713 1676 esse
735 1612 814 1678 data
828 1632 888 1695 par
913 1620 1017 1682 totum
1042 1615 1166 1691 orbem,
1181 1620 1274 1684 nasci

188 1708 347 1774 invictum
360 1708 604 1793 Imperatorem.

500 1901 587 1966 Idem
600 1903 632 1966 iu
644 1903 768 1968 AEueid.
785 1907 943 1972 xt1.185.

231 2032 343 2098 Homo
358 2035 508 2098 ‘rebellis
520 2035 529 2059 '
540 2013 680 2100 dicitur:
701 2055 755 2099 res
770 2037 845 2119 ipse
860 2038 1043 2115 ‘rebellio,'
1057 2049 1123 2104 nun
1147 2041 1271 2104 ‘rebel-

187 2133 268 2198 latio
280 2132 300 2197 ε’
321 2135 371 2198 sic
386 2133 576 2200 Suetonius.
623 2131 653 2196 V
652 2133 694 2199 id.
713 2135 816 2222 Culig.
831 2137 959 2220 capot.

401 2321 539 2390 Isidorus
557 2323 725 2412 Originum
739 2323 812 2392 Lib.
830 2345 914 2392 vt11.
939 2349 1008 2413 cup.
1023 2329 1057 2392 7.

229 2458 347 2526 Poetae
363 2460 450 2526 unde
465 2461 531 2525 sint
546 2462 638 2539 dicti,
650 2462 699 2528 sic
713 2463 759 2527 uit
774 2462 1008 2546 Tranquillus:
1031 2461 1113 2526 Cum
1131 2463 1269 2545 primum

184 2559 333 2626 bomiuns
360 2567 464 2626 exuta
493 2561 619 2626 scritate
644 2563 804 2627 rationem
828 2563 906 2626 vite
932 2562 1053 2626 babere
1076 2562 1270 2645 coepissent,

186 2680 288 2743 seque
309 2681 349 2725 ac
363 2662 456 2727 Deos
478 2681 559 2728 suos
578 2681 691 2738 nosse,
707 2661 833 2726 cultum
850 2662 1015 2726 modicum
1030 2679 1070 2726 ac
1085 2679 1268 2728 sermonem

185 2761 404 2825 necessarium
430 2763 605 2826 commenti
629 2761 705 2838 sibi,
729 2761 902 2842 utriusque
926 2759 1201 2842 magnificentium
1225 2762 1268 2826 ed

184 2859 374 2943 religionem
403 2860 552 2925 Deomm
591 2878 723 2924 suorum
754 2859 1039 2943 excogitaverunt.
1099 2860 1203 2943 lgitur
1231 2869 1268 2924 ut

184 2961 310 3045 templa
331 2961 398 3026 illis
421 2962 576 3027 domibus
598 2960 798 3045 pulchriora,
818 2965 853 3024 et
876 2959 1053 3025 simulacra
1077 2961 1268 3043 corporibus

184 3063 347 3147 ampliora
361 3062 539 3141 faciebant,
553 3063 601 3128 ita
616 3063 754 3146 eloquio
770 3061 867 3146 qnasi
893 3063 1085 3144 augustiore
1107 3059 1267 3125 honoran-

184 3163 247 3226 dos
263 3169 468 3248 putaverunt,
482 3163 665 3248 laudesque
690 3181 803 3228 eornm
818 3169 852 3226 et
867 3162 976 3226 verbis
992 3161 1221 3226 illustrioribus
1234 3172 1268 3227 et

177 3263 430 3346 jucundioribus
451 3265 592 3330 numeris
611 3265 806 3329 extulerunt·
859 3262 900 3329 Id
924 3281 1028 3345 genus
1058 3262 1138 3345 quia
1163 3263 1267 3326 torma

183 3363 326 3446 quedam
346 3363 495 3444 efficitur,
512 3385 588 3448 quse
603 3363 711 3440 ποιότης
732 3364 863 3442 dicitnr,
877 3361 1001 3446 poema
1012 3363 1190 3428 vocitatum
1207 3369 1267 3439 est,

183 3461 320 3548 ejusque
337 3463 489 3530 lictoresl
506 3463 628 3550 pobtae.

479 3655 641 3722 Diomedes
656 3655 728 3722 Lib.
745 3673 769 3720 ι.
788 3677 866 3754 pag..
880 3655 956 3720 362.

224 3743 425 3855 ‘Incboavi'
447 3791 491 3856 ab
507 3791 637 3858 inchoo.
680 3791 737 3856 Sic
759 3787 931 3856 dicendum
948 3789 1044 3871 putet
1056 3784 1170 3850 Julius
1188 3783 1264 3850 Mn·

181 3892 308 3970 dastus,
323 3894 404 3975 quin
414 3895 460 3958 stt
471 3895 695 3977 compositum
708 3913 728 3958 a
739 3893 833 3968 chao,
848 3889 945 3954 initio
960 3903 1076 3951 rerum.
1119 3882 1169 3950 At
1181 3885 1263 3951 Ver·

211 4083 429 4136 titillemur.
507 4079 509 4084 '
742 4077 1264 4144 Rabanlltlnurinomeuproterebantu-

212 4160 302 4210 t‘1n
325 4161 484 4228 perantiquis
512 4161 622 4226 nobedis,
643 4175 701 4228 qua
742 4157 982 4224 ‘incausatum
990 4153 1083 4219 poitur!
1101 4150 1220 4206 (ὶιιιῢὺ.Ι
1254 4155 1259 4170 ’
