3056 4854
595 331 845 382 recursurus.
1175 317 1259 384 1197

170 474 276 536 puluere
289 473 415 538 sorderet,
426 474 581 538 syllobarum
592 474 713 525 miuntiss
724 488 864 539 aucupans,
874 475 960 540 quales
970 474 1047 525 bodie
1057 475 1111 528 fere
1122 483 1262 528 censentur

168 554 201 602 ab
222 553 345 617 imperitis
365 553 391 610 ii,
408 553 451 619 qui
461 553 522 604 olim
532 554 647 618 Litersts',
659 555 676 605 l.
688 569 712 604 c.
724 569 810 604 rerum
827 553 967 604 dlsluarnm
979 557 1198 622 humanarumque
1208 557 1258 606 sci·

169 633 303 694 emissum,
313 635 520 696 nsumersnsmus,
539 632 585 684 sed
602 635 662 699 quia
678 634 745 686 luter
765 634 876 684 illustres
889 636 927 684 sui
940 636 988 684 resi
1001 643 1029 684 et
1041 643 1163 688 accurate
1175 635 1260 684 erudi·

168 713 238 762 tione
249 716 406 764 excellentes
418 715 484 764 uiros
495 717 519 764 iu
531 730 563 766 ea
579 715 814 765 Grammaticorum
826 716 914 766 schola
924 714 1041 782 floreret,
1056 732 1112 781 que
1124 717 1138 776 Ι
1151 715 1261 778 gloriosa

168 801 251 842 metes
261 792 387 844 faouudlse
397 795 404 816 ’
414 795 485 844 dicta
496 803 535 845 est
547 811 562 844 o
574 795 727 846 Cessiodoro
739 795 822 859 Epist.
832 807 870 844 rr.
883 799 923 860 21.

201 873 322 922 Ceterum
335 888 384 924 uou
402 874 456 923 siue
475 873 664 937 probabilitatis
683 875 771 938 specie
789 873 905 937 disputat
924 875 1073 938 Fopgiuins,
1091 874 1214 926 Ovidium
1229 877 1259 925 F.

171 967 208 1001 vr.
220 957 260 1003 bl.
278 955 322 1002 bos
334 955 402 1018 ipsos
414 955 498 1004 Verrii
519 955 608 1004 Festos
628 953 784 1016 respexisse,
802 968 859 1002 cum
880 953 945 1002 dixit
960 955 968 982 ⁴
981 955 1149 1008 Praenestinas
1168 955 1261 1004 moeuie

170 1045 241 1083 soors
260 1035 326 1084 Dese
338 1035 354 1082 :'
381 1050 456 1099 porro
476 1037 637 1085 Prseuestina
657 1033 712 1084 brec
729 1048 856 1084 murmura
877 1033 994 1096 Augusto
1018 1033 1159 1098 imperante¹
1178 1035 1261 1097 posita

169 1112 260 1177 sideri,
271 1123 349 1180 atque
360 1117 501 1181 conspicue
511 1115 589 1165 inisse
604 1121 676 1165 certe
688 1127 767 1179 usque
779 1113 811 1163 ad
823 1114 993 1163 Theodosium
1007 1113 1045 1162 M.
1058 1114 1132 1178 onjrss
1145 1120 1260 1177 tempore

167 1195 314 1245 Macrobius
326 1197 430 1246 meritum
441 1211 529 1246 eorum
542 1196 696 1247 mentionem
707 1209 726 1246 ι.
740 1199 782 1244 10.
793 1211 831 1260 sq.
842 1194 950 1257 iaciens,
968 1195 1169 1248 Saturnaliorum
1181 1196 1260 1246 libros

169 1275 284 1337 scripsit:
302 1276 411 1340 denique
422 1291 436 1326 a
447 1283 539 1342 quarto
557 1275 618 1324 lude
636 1274 731 1326 seculo
749 1274 862 1323 Tabulas
883 1287 929 1337 per
946 1274 1050 1323 nimicus
1070 1275 1260 1338 superstitionis

169 1352 299 1403 licentiam
317 1353 457 1420 diffractos,
476 1355 615 1420 dirutoqne
634 1353 737 1404 tandem
752 1353 821 1417 ipso,
832 1367 883 1417 quo
895 1352 1102 1416 continebantur,
1111 1351 1262 1420 hemicyclo,

173 1433 253 1482 ruinis
265 1448 321 1484 esse
333 1435 458 1499 sepultos.
1060 1431 1066 1445 '

199 1514 259 1565 Jum
271 1529 302 1564 ne
314 1524 458 1565 ceterorum
471 1515 623 1578 scriptorum
635 1514 710 1578 hujus
720 1514 892 1565 Grammatici
904 1515 1059 1565 mentionem
1071 1529 1174 1578 prorsus
1185 1516 1260 1567 omit·

170 1603 262 1656 tamus,
279 1610 336 1660 quse
353 1609 368 1643 a
387 1595 483 1656 Gellio,
502 1594 645 1655 Macrobio,
662 1595 760 1657 Serslo,
779 1594 847 1657 aliis,
865 1594 982 1658 inprimis
994 1609 1010 1643 a
1022 1595 1097 1644 Festo
1116 1595 1261 1658 laudentur,

170 1675 272 1738 scripsit
282 1676 325 1724 ille
338 1682 433 1738 prreter
446 1676 568 1736 Carmine,
586 1687 693 1739 qssorum
715 1674 862 1723 Priscianus
882 1673 1007 1731 meminit,
1024 1673 1101 1723 libros
1112 1681 1119 1703 ¹
1131 1675 1261 1738 Epistola·

170 1754 242 1815 rum:
259 1755 268 1782 ⁴
282 1756 375 1804 lterum
386 1757 508 1806 memoria
525 1753 679 1818 dignarumf
695 1756 702 1782 ¹
716 1753 749 1802 de
765 1751 965 1817 orthographia:
976 1752 1029 1806 ‘de
1044 1754 1176 1816 obscuris‚'
1187 1769 1207 1803 s·
1219 1768 1261 1803 ro·

170 1835 269 1884 cobulis
282 1849 302 1884 a.
313 1835 391 1896 locis;
408 1833 485 1884 alium
497 1833 599 1895 librum,
610 1833 618 1860 ⁴
630 1833 733 1884 Saturni
744 1833 751 1854 ’
763 1834 874 1894 nomine,
886 1833 994 1896 denique
1006 1847 1124 1894 magnum
1136 1847 1199 1898 opus
1210 1834 1261 1884 ‘de

172 1913 306 1963 verborum
318 1911 523 1977 significatione?
544 1912 610 1976 quod
624 1912 649 1961 in
668 1912 799 1975 epitomen
811 1912 911 1975 redegit
923 1911 1024 1973 Festus,
1039 1925 1103 1962 nnus
1114 1926 1146 1962 ex
1159 1915 1259 1976 pancis-

168 1994 246 2054 simis‚
257 1994 300 2058 qui
312 1993 385 2042 uobis
395 1994 419 2042 ln
437 1992 551 2042 menibus
566 1999 635 2054 sunt,
648 1993 742 2042 ueteris
755 1992 905 2042 Latinitatis
918 1991 1127 2055 Leaioogseplris.
1160 1994 1200 2042 Ex
1210 1981 1260 2044 boc

170 2081 197 2124 et
209 2073 315 2138 reliquis
325 2073 496 2136 scriptoribus
507 2072 612 2136 collegit
624 2070 763 2135 Pogginins
776 2071 957 2134 corpusculum
969 2071 1178 2135 Fragmentornrn
1196 2072 1262 2122 ller-

169 2155 306 2208 riauorum,
324 2153 391 2216 quod
404 2158 490 2201 temen
502 2165 536 2200 sse
553 2163 608 2200 eam
625 2149 728 2214 quidem
740 2148 936 2212 perfectionem,
947 2164 1003 2214 quse
1014 2149 1040 2198 iu
1052 2149 1099 2198 boe
1111 2163 1205 2212 genere
1217 2163 1261 2200 es-

170 2241 298 2296 pectetur,
309 2233 401 2281 babere
414 2237 510 2294 potest,
522 2244 579 2280 cum
592 2231 666 2294 plura
677 2244 709 2280 ea
720 2229 807 2278 Verrii
818 2229 890 2279 libris
901 2235 954 2278 tum
967 2229 1035 2292 apud
1045 2229 1116 2290 alios,
1126 2234 1179 2278 tum
1192 2230 1261 2293 opud

170 2316 286 2374 Festum,
296 2313 351 2361 sine
364 2313 466 2361 nomine
477 2312 557 2361 allata
568 2325 623 2360 esse
634 2310 777 2360 rideantur.
794 2311 886 2374 Itaque
896 2323 927 2359 se
936 2307 1037 2372 farrago
1048 2309 1097 2359 boe
1108 2309 1164 2358 loco
1176 2311 1260 2372 repeti

170 2409 222 2444 non
233 2394 331 2457 debuit,
343 2393 387 2443 sed
397 2392 523 2443 serrendo
535 2400 575 2442 est
587 2405 660 2442 norea
669 2391 778 2440 editioni
787 2404 848 2440 sene
859 2403 935 2454 quam
945 2387 1096 2438 necessariae
1109 2388 1175 2451 ejus,
1184 2403 1260 2453 quem

170 2474 246 2526 morlo
259 2474 396 2536 nominari,
406 2472 603 2536 bericogrsplsi,
614 2470 724 2521 simodo
736 2471 761 2519 in
773 2471 846 2532 buius
864 2467 952 2518 seculi
963 2467 1152 2531 elegantissima
1163 2466 1260 2530 alexas·

168 2553 259 2619 usplrip
271 2554 359 2605 talium
369 2553 489 2604 librorum
500 2552 627 2602 editiones
639 2551 771 2613 suscipere
783 2549 853 2598 Viris
865 2547 949 2598 doctis
962 2546 1058 2598 licebit.
