3084 4836
233 267 298 334 984
660 279 692 324 c.
715 271 892 324 sunnouu

232 421 377 490 hortanti
391 439 428 484 se
443 419 486 484 ad
497 419 631 484 alterurn
643 417 900 492 matrimonium,
910 414 1137 497 responderat,
1150 413 1188 493 pl
1204 409 1321 474 uulrdt

233 530 366 611 γαμῆσαι
392 520 495 600 θέλεις
518 521 689 585 Salvium²
713 518 947 594 Cocceianum,
971 516 1063 600 quod
1088 514 1230 580 Othonis
1254 515 1321 578 lm·

234 625 409 710 paraturis,
425 623 535 706 patrui
550 623 613 698 sni,
628 621 715 685 diem
729 621 874 684 natalem
890 619 1133 683 celebraverat:
1158 615 1318 680 Metinm³

235 720 523 807 Pompusianum,‘¹
548 722 636 804 quod
659 722 779 785 habere
804 721 1051 802 imperatoriam
1069 718 1205 799 genesin
1219 717 1321 796 uulgo

234 827 415 905 serebatur,
441 831 475 888 et
497 823 587 906 quod
611 823 779 904 depictum
807 822 919 884 orbem
940 827 1034 884 terrra
1054 820 1087 882 in
1104 818 1323 894 membrana,⁴

236 929 478 1008 concionesque
493 943 602 1006 regum
626 944 666 988 ao
688 924 832 986 dncnm⁵
860 941 904 986 ex
918 921 997 985 Tito
1019 921 1118 984 Livio
1133 919 1321 984 circumier-

234 1035 298 1102 ret,
313 1026 469 1109 quodque
484 1025 592 1088 servis
614 1025 747 1087 nomina
771 1021 928 1104 Magonis
944 1028 979 1086 et
994 1020 1218 1085 Hannibalis·
1234 1019 1321 1082 indi-

234 1128 357 1190 disset:
384 1125 579 1190 Sallustium
610 1124 801 1200 Lucullum,
826 1123 1007 1188 Brituuniee
1031 1121 1200 1202 Legatum,
1227 1119 1320 1204 quod

235 1227 371 1292 lanceas
386 1246 482 1292 novae
501 1227 616 1290 formae
638 1224 801 1308 appellari
826 1221 1050 1287 ‘Luculleas’
1065 1240 1190 1304 passus
1211 1228 1321 1285 esset:

686 1402 866 1422 ΟΜΝΜΝΟ

237 1535 313 1598 Regii
325 1535 384 1582 Pur.
396 1541 458 1592 tres,
469 1531 536 1582 Edd.
551 1531 622 1581 bled.
636 1547 673 1595 pr.
683 1534 750 1582 Vsu.
762 1537 785 1583 l.
799 1532 872 1583 Caid.
887 1538 981 1583 cutum
992 1533 1090 1584 Medio.
1101 1531 1161 1591 dne,
1174 1531 1222 1580 Ed.
1232 1532 1325 1598 Cemp.

238 1601 306 1648 nude
315 1597 382 1661 conj.
393 1597 454 1660 Guj.
466 1598 505 1646 Ea
516 1602 588 1646 tusco.
607 1598 686 1646 Fons.
697 1597 742 1646 issu
753 1602 823 1648 tusto.
842 1597 904 1646 Lisl.
913 1607 940 1648 st
949 1598 1008 1660 cuj.
1020 1597 1046 1645 b
1054 1597 1142 1658 samri,
1153 1595 1221 1660 qnod
1233 1597 1323 1661 script.

238 1671 315 1724 putat
326 1660 435 1712 Casuub.
448 1673 494 1723 pru
502 1661 528 1708 ἐν
538 1662 624 1721 σαυτῷ,
635 1662 756 1724 suppleto
768 1659 866 1723 ixa—i
881 1662 935 1711 Cito
947 1663 1026 1710 Foue.
1056 1662 1120 1710 Tum
1130 1659 1163 1720 μὴ
1172 1660 1246 1710 deest
1257 1662 1324 1711 Edd.

237 1729 305 1776 Van.
316 1731 341 1774 2.
353 1729 376 1773 a.
387 1724 462 1775 dunt.
472 1723 535 1786 Arg.
545 1723 675 1785 γσμησείηε
686 1725 764 1774 Polis.
799 1725 828 1773 lu
841 1727 877 1774 Lu
898 1725 1033 1774 demissis
1045 1725 1154 1786 Graecis,
1166 1731 1232 1784 arat,
1251 1725 1290 1774 cai
1298 1732 1324 1774 rt

236 1797 264 1840 tu
275 1789 438 1840 amissorum
448 1788 485 1836 sis
495 1789 663 1838 abducere—2
679 1787 775 1838 Sulcum
784 1788 862 1837 Vind.
879 1741 950 1839 gost.
969 1789 1055 1838 Paris.
1071 1788 1138 1837 Edd.
1148 1788 1222 1836 Rern.
1239 1790 1326 1839 Ocres·

237 1869 294 1906 aum
305 1853 381 1902 Vind.
394 1858 416 1900 1.
429 1851 508 1900 Fons.
526 1853 623 1901 Susum
636 1854 779 1902 Coccsorturrr
789 1854 855 1901 Van.
866 1853 928 1902 Bas.
961 1854 1014 1902 Pro
1023 1854 1105 1914 putrui
1116 1853 1193 1901 Foco.
1204 1853 1326 1902 uersu-³
1417 1881 1418 1886 =

238 1921 253 1966 1
265 1917 379 1966 Mettium
390 1915 495 1964 Memno.
506 1917 570 1977 Cop.
583 1917 677 1965 Medic.
689 1921 712 1964 1.
723 1921 746 1964 8.
758 1917 848 1965 Barth.
864 1917 930 1966 Dein
942 1919 1002 1980 qaod
1010 1917 1091 1966 tuere
1102 1917 1161 1978 lurp.
1173 1917 1221 1966 Ed.
1233 1917 1324 1979 Camp.

236 1984 318 2042 generi
329 1981 455 2029 Fene-4
474 1979 539 2028 Hac
549 1980 626 2028 lectio
637 1980 717 2056 Syfly·
728 1979 846 2034 debatur,
862 1995 938 2042 quarn
946 1980 1058 2043 amplexi
1069 1987 1129 2056 sunt
1141 1979 1211 2029 Ond.
1223 1981 1286 2056 βω.
1296 1991 1326 2030 st

238 2041 1325 2171 uruntur.u·attinuerunt.trutinenturcuc

239 2177 254 2219 a
266 2170 355 2222 Verba
365 2185 393 2219 ur
402 2171 455 2219 duc.
466 2183 516 2218 nun
526 2170 690 2220 hausturus.
723 2169 786 2220 Mox
797 2171 873 2222 iulid.
883 2173 945 2223 Soli.
956 2173 1049 2224 desunt
1058 2171 1132 2224 Huls.
1149 2171 1238 2223 Salsu.
1249 2173 1325 2222 Lacu·

727 2320 836 2371 NOTAE

239 2417 313 2466 sanb.
329 2417 393 2480 legit
408 2424 499 2467 rumulo
516 2425 543 2467 et
558 2423 654 2468 tutuoto.
686 2416 764 2467 Quod
802 2417 898 2469 docent
914 2419 957 2470 iila
973 2420 1062 2481 verba,
1083 2418 1216 2469 ‘laudanti
1236 2431 1325 2467 rocem

240 2499 268 2540 et
281 2507 326 2555 per
337 2494 423 2543 literas
434 2508 448 2542 a
458 2495 589 2556 scaligero
597 2493 729 2556 accepisse
737 2507 765 2542 se
802 2495 890 2555 auaro,'
907 2495 939 2544 ad
958 2511 1015 2560 qua
1036 2509 1124 2558 parurn
1138 2491 1279 2543 attendisse
1289 2491 1326 2540 iu·

239 2567 284 2616 sit.
311 2567 764 2632 Sieautemacutissimussualiger:
801 2571 1068 2632 terpretasvidentus.
1102 2569 1204 2618 Similes
1221 2576 1325 2616 senten·

241 2641 495 2705 ‘praecucurrerunt
506 2643 594 2692 eratin
605 2644 703 2705 optimo
714 2642 766 2691 Tu·
803 2646 845 2694 tim
868 2645 956 2696 multer
982 2645 1050 2708 opud
1071 2643 1168 2707 podiae.
1198 2641 1325 2702 Tibullus,

241 2718 765 2782 sonerrsicodice,relrirmd,ntinqrri-
802 2727 936 2784 postquam
961 2720 1089 2769 laudasset
1115 2717 1224 2782 puellam
1244 2731 1325 2778 susus,

240 2791 355 2840 busdam.
382 2792 450 2842 Acer
464 2801 491 2841 et
507 2794 614 2843 mordax
628 2795 711 2856 jocus,
722 2793 765 2841 olus
802 2796 915 2858 subjicit,
932 2797 993 2845 ‘Nil
1005 2810 1069 2860 opus
1086 2795 1182 2844 inuidia
1193 2800 1248 2842 est:
1268 2809 1325 2857 pro·

241 2869 291 2932 dia
308 2870 360 2932 uls,
380 2871 444 2920 unul
460 2871 515 2922 rods
531 2872 632 2938 {lenm
651 2872 765 2920 εὔτακτῶ.
802 2871 843 2918 cul
856 2871 924 2918 absit
942 2871 1023 2934 gloria
1039 2871 1122 2932 volgi:
1141 2871 1192 2922 eri
1211 2871 1288 2932 rapit,
1299 2871 1324 2918 in

240 2944 412 2994 Proverbinm
424 2947 500 2995 etism
513 2947 581 2995 inter
592 2946 765 3008 Gallosjacti·
803 2945 884 2994 tacito
895 2946 1007 3008 gaudeat
1019 2946 1061 2995 ille
1069 2944 1145 2995 sinu.'
1161 2946 1206 2995 lta
1216 2945 1326 2996 casaub.

243 3024 332 3074 tauuu,
347 3021 380 3068 δι’
397 3035 427 3069 ae
442 3023 526 3070 curate
539 3025 616 3085 point,
631 3021 691 3070 mu
701 3022 765 3082 j'ue-
802 3019 958 3069 Acutisaima
969 3022 1138 3084 quoquemihi
1149 3021 1327 3071 videturGro·

240 3094 317 3142 eorde.
330 3095 395 3143 Nam
407 3097 614 3159 uonpotiebatur
622 3111 700 3144 uxore
711 3110 765 3159 sua,
802 3095 872 3144 nevil
884 3095 1072 3160 interpretatio,
1083 3112 1160 3161 quarn
1174 3097 1241 3145 ride.
1290 3133 1294 3146 .

242 3175 272 3217 nt
294 3169 471 3218 Domitianus:
495 3171 540 3220 sed
559 3181 676 3234 stuprum
695 3170 766 3220 dissi·
834 3177 845 3204 ⁰
863 3173 902 3230 Μὴ
913 3171 951 3220 ssi
962 3171 1001 3236 ub,
1012 3191 1034 3222 rr.
1044 3191 1068 3223 r.
1080 3172 1118 3236 iu]
1134 3172 1326 3235 Numquidetta

241 3246 370 3307 mulsndo,
382 3260 472 3310 paoem
490 3249 557 3298 iuter
573 3263 601 3299 se
618 3255 646 3297 et
660 3261 765 3298 uxorem
802 3244 838 3294 οὓ
855 3261 952 3296 nmero
968 3245 1072 3297 durus?
1095 3247 1184 3302 Jecur,
1200 3255 1230 3296 ut
1245 3255 1327 3310 patet,

241 3329 270 3371 et
287 3323 467 3384 imperatorem
476 3324 614 3373 nutriebat.
637 3323 766 3373 sumtu
803 3319 828 3369 in
847 3321 1031 3376 Domitianum,
1051 3323 1123 3386 qussi
1144 3322 1243 3372 diceret
1258 3323 1329 3383 Tito,

242 3410 300 3445 rum
310 3398 454 3447 accusativo
464 3399 526 3449 satis
537 3399 676 3463 frequens:
689 3406 717 3448 at
729 3400 765 3448 ita
803 3410 834 3445 au
845 3396 893 3446 tibi
903 3413 1004 3462 quoque
1013 3405 1124 3461 opusest
1132 3399 1230 3447 uxore?
1241 3413 1326 3461 quam,

242 3485 345 3534 mrrrpss
362 3472 488 3535 Georgius
504 3475 627 3524 Codinns.
660 3473 718 3524 Hes
728 3479 764 3523 io-
802 3480 832 3521 ut
852 3471 933 3521 frater
955 3481 1025 3535 tuns,
1044 3473 1168 3534 abducas,
1190 3474 1233 3523 nbi
1255 3474 1326 3522 illam

241 3559 291 3606 oso,
302 3546 369 3609 qrrod
380 3548 455 3609 vulgo
466 3549 569 3610 iegitur,
579 3549 696 3610 ineptum
707 3549 766 3604 est,’
802 3545 909 3596 duxero.

242 3623 292 3671 &e
324 3621 421 3672 Quibus
433 3623 537 3672 vocibus
548 3623 713 3673 existimabat
726 3631 762 3673 ts·
833 3619 844 3654 ⁴
862 3621 1055 3688 Pompusianum]
1068 3624 1109 3674 De
1120 3639 1170 3688 qno
1182 3623 1208 3674 iu
1217 3625 1327 3690 Vespas.

243 3709 301 3744 men
318 3695 482 3747 casaubonus
501 3704 613 3746 notatam
629 3697 709 3748 inisse
724 3706 765 3760 ty·
802 3709 826 3744 e.
838 3699 878 3744 lu.
889 3696 955 3744 idem
967 3697 1068 3747 dieitur.

242 3769 374 3819 ranuidsm
386 3771 517 3834 principia.
534 3773 577 3836 qui
587 3775 671 3822 omnia
682 3773 707 3822 ln
718 3789 764 3822 sno
817 3772 1140 3839 monsbarrensium]
1152 3775 1327 3826 Nomiuasunt

244 3857 338 3906 seuere
361 3846 467 3908 pulchra
488 3854 516 3895 st
533 3847 689 3898 excellentia
707 3863 763 3912 pos·
802 3848 1140 3912 Carthaginensiumduouru
1160 3850 1233 3900 bellis
1246 3853 1326 3901 Puni·
1376 3873 1378 3878 ·

243 3919 386 3972 sessoribus
404 3922 528 3984 eriperet.
558 3923 634 3972 Unde
654 3927 764 3974 necessi·
802 3924 839 3972 eia
856 3925 1092 3988 celeberrimorum,
1112 3931 1139 3974 st
1159 3928 1252 3975 numiui
1273 3927 1325 3976 Ro·

243 3998 283 4044 tas
293 3994 461 4046 incumbebat
472 4013 517 4046 sna
529 3998 594 4048 bona
606 3998 765 4048 dissimulari·
803 4012 878 4047 mano
888 3995 1124 4048 infensissimuruur.
1157 4001 1199 4050 De
1210 4003 1325 4067 'l’urqna-

243 4065 271 4116 ‹li
279 4068 438 4134 solandique.
469 4073 576 4123 Sicesse
585 4073 765 4138 exponendum
803 4081 830 4122 to
840 4074 927 4124 Silano
937 4074 1005 4124 idam
1015 4076 1082 4139 apud
1093 4077 1177 4130 Tacit.
1185 4078 1254 4128 Anu.
1266 4091 1313 4128 xv.
