3104 4830
219 359 224 371 ¹
259 379 324 446 948
684 387 715 434 c.
738 385 914 434 sunronn

260 537 325 602 tias
356 529 524 615 pollicitus
554 528 732 591 ferebatur.
775 528 942 608 Suspecta
970 530 1003 588 et
1028 525 1222 608 rapacitas;
1259 525 1350 608 quod

260 635 446 708 constabat,
455 632 489 693 iu
498 628 738 710 cognitionibus
750 634 780 674 Ῥ
793 628 898 707 patris
908 625 1084 690 nundinari
1099 627 1349 708 praemiariqueq

260 736 406 799 solitum.
436 730 590 812 Denique
601 727 615 768 ⁶
628 728 800 811 propalam
816 728 916 790 alium
933 725 1101 791 Naronem
1116 733 1149 791 et
1162 729 1350 810 opinaban-

259 843 325 911 tur,
335 841 374 898 et
388 829 624 914 praedicabant.
670 826 714 890 At
729 827 778 890 illi
793 846 834 890 ea
854 826 944 890 fama
963 847 1023 910 pro
1041 828 1130 891 bono
1143 830 1257 906 cessit,
1272 848 1351 893 cou-

260 952 423 1016 versaque
439 937 490 995 est
503 932 536 993 iu
550 929 716 992 maximas
731 926 858 1002 laudes,
874 945 982 1009 neque
998 927 1081 990 vitio
1102 927 1169 990 ullo
1182 937 1194 976 ⁷
1208 936 1349 1012 reperto,

260 1041 294 1096 ct
316 1040 431 1097 contra
455 1029 634 1092 virtutibus
660 1026 809 1089 summis.
852 1024 1016 1090 Convivia
1040 1025 1185 1090 instituit
1199 1027 1349 1109 jucunda

259 1133 376 1214 magis,
392 1150 490 1213 qnam
514 1128 662 1212 profusa.
706 1124 848 1190 Amicos
873 1125 982 1207 elegit,
1005 1127 1127 1207 quibus
1146 1127 1250 1190 etiam
1271 1135 1350 1211 post

262 1250 336 1294 eum
352 1230 536 1311 Principes,
549 1234 585 1292 ut
599 1237 633 1291 et
646 1227 710 1290 sibi
724 1231 757 1289 et
772 1224 983 1309 Reipublicae
998 1228 1204 1304 necessariis,
1215 1229 1349 1310 acquie-

260 1336 400 1406 verunt:
413 1329 650 1412 praecipucque
665 1331 741 1390 sunt
756 1325 833 1389 usi.⁸
878 1327 1060 1392 Berenicen
1076 1328 1189 1392 statim
1201 1329 1245 1392 ab
1260 1327 1350 1393 Urbe

716 1520 894 1541 ”eunoun

260 1651 360 1710 Medic.
378 1656 401 1701 1.
422 1657 446 1701 ³.
463 1653 543 1702 Polit.
556 1654 632 1702 vind.
644 1657 669 1701 2.
682 1653 753 1702 Cort.
766 1654 830 1715 Cop.
844 1652 971 1700 Foco—u
986 1652 1031 1700 Ita
1039 1649 1146 1713 corrigit
1155 1651 1229 1699 Torr.
1238 1650 1349 1714 probau-

261 1715 309 1763 rib.
323 1717 394 1777 Lipa.
413 1717 520 1765 Cmunb.
531 1717 608 1766 (lrnt.
629 1726 656 1764 et
667 1716 793 1765 edendum
806 1724 960 1764 curaverunt
975 1715 1045 1764 Oud.
1056 1716 1117 1764 Ern.
1134 1722 1161 1764 et
1176 1722 1287 1765 recenti.
1318 1713 1350 1763 ln

260 1779 371 1840 vulgatiu
382 1779 589 1840 concionibur,eed
599 1781 669 1828 Vett.
680 1780 745 1828 Edd.
754 1789 781 1829 et
793 1781 858 1828 Mea.
872 1780 904 1826 0.
932 1778 1083 1835 mationibus,
1094 1777 1141 1826 niei
1154 1778 1221 1841 qnod
1234 1777 1259 1825 in
1270 1778 1350 1839 Regio

260 1841 323 1889 Per.
336 1856 386 1890 unu
398 1844 558 1898 coutuntur,
570 1850 597 1892 et
609 1843 673 1892 cod.
685 1843 743 1892 Ure.
754 1845 779 1891 ia
790 1841 987 1902 negotiationibus
996 1842 1073 1904 patrie
1088 1857 1113 1890 a.
1132 1843 1279 1903 precarique
1296 1841 1351 1888 eoli-

259 1910 317 1952 tum.
351 1906 711 1969 nun.em.pr.primrrtque.
741 1907 830 1954 lleinr.
848 1905 1064 1966 mallctproediuri.
1097 1904 1128 1952 In
1140 1905 1261 1966 singulari
1274 1903 1307 1951 de
1327 1903 1350 1951 b.

260 1968 279 2014 l.
290 1967 376 2015 libello
388 1969 455 2031 conj.
467 1969 497 2017 B.
509 1970 542 2017 G.
557 1971 584 2017 1..
597 1970 696 2018 Boden.
715 1969 853 2017 cociouibru.
881 1966 985 2018 liabent
1002 1967 1090 2030 putriir
1105 1967 1172 2016 Edd.
1183 1969 1243 2018 Bu.
1251 1967 1350 2030 Grypb.

262 2029 350 2078 Plant.
360 2032 443 2079 Serio.
455 2033 541 2080 Graev.
553 2033 692 2080 Barna-b
709 2031 803 2080 Deinde
818 2031 884 2080 Edd.
896 2031 972 2080 lunt.
987 2030 1048 2080 Ald.
1064 2030 1153 2092 Steph.
1169 2031 1229 2080 Bne.
1248 2031 1350 2093 Gryplt.

262 2092 351 2141 Pleni.
365 2099 389 2140 et
399 2095 470 2142 etium
477 2097 553 2156 prad.
571 2095 649 2142 Viud.
659 2099 682 2144 l.
703 2095 786 2143 Periz.
799 2095 916 2145 llerlenr.
933 2102 960 2142 et
970 2093 1036 2142 lldd.
1047 2095 1122 2142 vett.
1133 2103 1194 2144 ente
1206 2094 1267 2143 Bes.
1297 2094 1351 2143 Pro

263 2156 336 2204 otium
347 2155 415 2203 Dnln
425 2165 452 2204 et
470 2158 532 2206 Ero.
547 2157 656 2206 suadent
667 2160 823 2207 altman-‘1
840 2159 883 2206 Sic
903 2167 957 2220 opt.
972 2158 1045 2205 Torr.
1064 2157 1158 2208 Medic
1179 2157 1258 2207 Petit.
1273 2157 1351 2206 vind.

262 2219 333 2265 Duo.
343 2218 421 2267 Foro.
430 2219 515 2268 Periu.
528 2221 592 2282 cop.
605 2221 663 2285 Cuj.
675 2221 742 2269 Edd.
756 2222 827 2269 llorn.
838 2220 907 2270 Oud.
919 2225 969 2270 dcc.
992 2221 1079 2282 Vulgo
1097 2223 1144 2270 ulto
1162 2221 1230 2270 uitio.
1253 2221 1352 2270 Medic.

260 2283 285 2326 3,
298 2280 375 2329 Polit.
387 2281 438 2340 ttto,
448 2283 525 2330 vtnd.
537 2289 560 2332 2.
572 2299 621 2333 aec.
655 2286 737 2347 Srrpra
748 2291 783 2333 eet
794 2283 870 2334 decet
881 2282 978 2333 Medic.
991 2288 1015 2332 l.
1037 2285 1100 2332 Mox
1112 2290 1137 2333 ct
1147 2293 1207 2332 ente
1222 2285 1283 2346 reip.
1300 2295 1350 2332 non

262 2347 379 2404 agnoscit
390 2344 553 2394 Heriem-8
571 2347 636 2396 llaee
646 2348 772 2397 correctio
783 2347 859 2396 Torr.
873 2362 917 2410 per
926 2347 1036 2396 Cereub.
1048 2347 1128 2395 Groui.
1141 2347 1228 2396 Burni·
1241 2346 1311 2397 Oud.
1324 2355 1352 2396 et

261 2420 332 2470 seqq.
346 2415 461 2471 recepte,
472 2407 588 2459 firmatur
604 2426 618 2459 e
639 2412 743 2461 Menum.
754 2411 813 2460 Pel.
832 2419 864 2461 tr.
882 2411 946 2474 Cup.
963 2411 1037 2460 llalu.
1054 2410 1153 2460 Medic·
1174 2411 1254 2460 Polit.
1271 2411 1351 2461 Fouc.

751 2574 861 2623 NOTAE

260 2666 326 2714 cesti
346 2666 516 2728 ruuptetonem
535 2668 751 2732 iucurri13quam
771 2683 787 2717 ι
828 2675 901 2730 parte
913 2669 1037 2731 corrupti.
1070 2669 1100 2716 ln
1114 2667 1222 2731 vulgetis
1237 2669 1352 2716 maui-

259 2752 288 2788 ιε
297 2739 443 2804 depulsum,
456 2741 531 2790 nubit
542 2743 678 2792 Polemoni
689 2744 786 2793 Cilicia
827 2743 878 2803 buo,
890 2757 977 2792 vertum
991 2758 1048 2807 quae
1066 2757 1098 2790 ex
1118 2741 1168 2791 illia
1181 2742 1270 2803 rapine
1280 2743 1352 2792 colti-

260 2816 360 2877 regnlo,
382 2829 438 2864 cnrn
464 2818 683 2866 circumcisionem
712 2819 736 2867 ei
759 2826 786 2867 et
827 2819 921 2881 gutur?
949 2819 1039 2868 Victor
1067 2818 1157 2868 scribit
1178 2826 1186 2847 ¹
1192 2817 1283 2881 jurgia
1303 2819 1352 2869 cub

259 2889 409 2951 religionem
428 2891 537 2952 petrium
557 2893 742 2954 pereuntieact:
759 2898 787 2941 et
827 2899 901 2952 petre
928 2891 1090 2942 venumdata)
1125 2892 1201 2941 Unde
1225 2890 1352 2942 affirmare

259 2960 357 3012 offeuee
367 2965 575 3014 iturumbominie
588 2967 786 3028 temulentum
827 2980 876 3014 non
889 2967 1013 3028 dubitem,
1024 2967 1108 3031 iuquit
1117 2966 1237 3016 Terreni.
1251 2959 1352 3027 coniti·

260 3037 405 3100 Agrippam
428 3039 504 3088 redit.
541 3042 641 3105 loquo
662 3049 787 3106 ternpore,
827 3039 1135 3105 enituereclegendum.
1162 3040 1352 3090 FalrlucUrui·

260 3111 364 3160 Florum
377 3120 513 3175 progente
531 3129 576 3162 sue
589 3114 686 3165 tractre
695 3117 786 3182 depre-
827 3129 872 3164 uos
885 3117 949 3179 legit
966 3119 991 3166 in
1010 3119 1091 3167 veteri
1107 3117 1215 3167 codice:
1226 3119 1288 3180 quod
1297 3131 1351 3165 eon·

261 3191 330 3246 ceta,
352 3193 409 3247 poet
430 3200 488 3234 cnm
510 3187 600 3238 eodem
623 3189 739 3254 Agrippa
760 3193 786 3240 in
825 3191 903 3240 stabat
922 3193 947 3241 ia
966 3193 1163 3254 negotiationibus
1180 3192 1352 3256 putdraudi·

260 3259 321 3318 vitue
333 3259 470 3309 discrimen
483 3263 562 3317 venit,
574 3277 604 3313 ac
622 3265 786 3327 magnificeri-
826 3267 880 3314 πη·
889 3268 1036 3331 proedmipue
1042 3269 1144 3317 mittum.

260 3335 436 3386 tiamuuernm
444 3337 603 3400 Veeperienc
615 3340 786 3402 pnrtsorma
857 3342 1068 3406 rProeutortpae]
1096 3345 1229 3394 Quonam
1253 3341 1353 3393 facem.

259 3409 322 3459 'l'lto
333 3411 596 3474 commendnte‚bunc
608 3417 708 3466 nutritiis
719 3415 786 3466 bello
827 3417 939 3466 Praemia
967 3419 1035 3469 eninr
1070 3418 1190 3468 dicebent
1225 3418 1352 3469 utilitate·

259 3483 370 3534 Judaico
377 3487 463 3548 juvet,
474 3496 501 3536 et
511 3489 616 3538 nomem
628 3501 729 3556 ueruto,
741 3507 786 3555 pe·
826 3510 999 3560 quoecumque
1019 3505 1046 3547 et
1066 3498 1121 3559 ipra
1132 3497 1193 3545 vitre
1208 3495 1351 3545 commode.

259 3557 311 3606 lem
323 3562 457 3610 cumcuin
470 3561 572 3611 Palatio
584 3565 698 3614 bebitetz
716 3581 785 3616 cnm·
827 3571 932 3620 Lueret.
952 3571 997 3620 llb.
1010 3585 1036 3619 v.
1054 3571 1120 3623 ‘in
1132 3571 1192 3620 talia
1202 3571 1275 3632 nobie
1285 3571 1352 3620 Pec-

261 3647 312 3697 que
319 3633 374 3696 jam
385 3636 409 3684 in
426 3638 539 3699 conjugii
551 3646 639 3689 erecto
650 3656 785 3704 epem,po·
826 3651 881 3694 tore
905 3653 978 3706 'terta
998 3660 1044 3696 uno
1066 3646 1222 3710 punitoque
1244 3647 1353 3708 premia

260 3707 314 3770 puli
326 3708 509 3771 indignatione,
527 3725 559 3760 ee
570 3714 717 3776 excidisset,
728 3725 785 3780 poet
826 3717 917 3778 liquit)
951 3721 985 3768 Et
1005 3720 1098 3770 Tibnli.
1121 3719 1166 3768 llb.
1188 3734 1206 3769 ι.
1234 3721 1306 3784 Elog.
1326 3725 1351 3769 2.

259 3783 369 3846 imperio
386 3785 494 3846 potitum
506 3783 602 3836 fruetre
614 3795 706 3838 tentat.
736 3793 785 3841 Lu·
826 3791 902 3842 ‘Nec
923 3795 984 3843 uiuit
1001 3802 1121 3844 occurret
1141 3796 1287 3859 quiequam,
1306 3796 1350 3858 qui

261 3870 300 3904 cre
311 3855 371 3905 Act.
388 3872 410 3906 c.
422 3861 462 3906 2⁵.
479 3858 584 3921 Joaepb.
596 3861 677 3911 Tacit.
697 3863 782 3916 lib-n.
825 3881 933 3929 corpore
963 3868 1030 3918 ferro
1054 3869 1190 3931 Volneret,
1208 3876 1254 3918 aut
1275 3878 1354 3932 repta

261 3929 332 3980 ilict.
352 3931 461 3982 Quintil.
483 3932 526 3982 lib.
539 3947 576 3982 tv.
596 3935 661 3985 luet.
681 3946 746 3987 orat.
758 3953 781 3989 c.
824 3943 929 4006 praeruie
942 3943 1117 4005 veatepetet.'

262 4008 284 4050 l.
297 4005 339 4053 ubi
351 4019 453 4056 caueam
472 4021 519 4069 pru
535 4021 567 4057 ec
583 4023 611 4059 ee
628 4011 722 4064 dixitne
739 4013 785 4064 eit.
857 4017 1065 4081 'AepuieonuatJ
1082 4016 1180 4067 Eodem
1198 4033 1275 4070 uentu
1293 4033 1350 4068 rer·

261 4076 515 4132 autonomon.
529 4084 638 4136 Reineco
825 4091 885 4142 bum
897 4093 945 4142 hoc
957 4093 982 4142 in
993 4094 1080 4144 Tiber.
1096 4108 1120 4144 c.
1130 4099 1172 4144 bd.

293 4155 516 4220 PCognitioeibae]
542 4159 638 4210 Omnes
659 4161 718 4212 libri
736 4163 785 4214 mu
