3094 4828
236 292 301 358 672
665 313 697 360 o.
721 310 902 360 sonrouu

235 454 304 536 igni
326 453 475 537 ferroque
500 457 697 532 absumeret,
719 454 888 520 tundeme
907 454 991 519 sede
1018 473 1082 518 sua
1098 453 1263 536 prosiluit,
1290 471 1331 520 uo

235 556 463 640 per'ambitum
475 555 583 632 lucus,
596 577 662 620 non
674 559 744 621 sine
755 558 869 622 lueda'
880 555 1119 634 vacillatione,⁵
1129 555 1333 632 discurrens,

236 657 356 741 partim
373 656 537 735 minando,
553 658 671 740 purtim
688 658 907 734 adhortando,
933 656 975 722 ud
999 677 1146 740 pugnum
1161 657 1334 740 compulit.

237 757 316 822 Hoc
335 757 529 840 spectaculo
545 758 665 822 classis
692 759 807 822 Sicula
829 767 863 822 et
888 759 1055 824 Rhodia*
1081 768 1331 836 concurrerunt,

236 859 488 926 duodenarum⁶
512 861 713 926 triremiumx
730 862 884 944 singulae,
900 862 1072 926 exciente⁷
1089 863 1234 927 buccine
1256 861 1331 926 Tri·

693 1056 873 1078 ΜΝ,

236 1222 308 1272 Cort.
320 1219 406 1270 Puris.
419 1237 433 1270 n
444 1235 479 1270 m.
491 1227 580 1283 ιιι-ὅ
599 1222 670 1272 Foede
681 1228 704 1271 et
716 1222 792 1272 bouill
810 1220 958 1280 liuh-sudu
973 1219 1083 1270 morelli.
1095 1219 1152 1284 Cuj.
1164 1219 1241 1269 ducii.
1254 1219 1332 1268 etium

235 1287 360 1334 exhibent
377 1287 483 1335 Memor.
502 1289 567 1351 Cop.
581 1287 697 1336 Hurlerrr.
708 1288 806 1336 Medic.
819 1287 889 1336 Cort.
903 1287 975 1335 Voau.
993 1286 1042 1334 Ed.
1054 1286 1120 1333 Ven.
1132 1289 1206 1334 l.-u
1224 1285 1335 1334 (lusson.

235 1349 379 1408 corrigend.
398 1351 530 1400 existimat
546 1351 771 1414 quinquagenorum.
796 1352 894 1400 Donet.
915 1351 946 1400 ud
966 1351 1029 1400 Tuo.
1049 1350 1116 1398 Anu.
1134 1363 1187 1398 κη.
1208 1353 1248 1398 uo
1271 1350 1335 1410 legit

234 1416 334 1465 duoderr.
345 1416 477 1463 triremium
488 1421 512 1464 et
522 1417 763 1479 quadriremem-7
780 1415 886 1464 Memor.
899 1429 957 1464 curn
977 1415 1003 1462 M
1008 1413 1076 1464 edio.
1097 1419 1119 1462 l.
1135 1417 1158 1463 8.
1179 1414 1244 1477 Cup.
1257 1413 1334 1462 Hulr.

187 1539 190 1542 Ι
235 1479 293 1527 Pal.
305 1483 329 1527 2.
342 1479 448 1538 rumis,
461 1481 516 1528 Pul.
530 1485 552 1528 l.
569 1481 663 1535 duris,
676 1480 754 1528 Viud.
765 1483 789 1527 2.
802 1482 872 1530 Cori.
892 1479 1008 1538 dicimis,
1026 1480 1104 1528 Fouu.
1115 1479 1137 1526 ei
1147 1479 1234 1538 rieule,
1253 1479 1332 1528 Pollu

233 1544 347 1592 metente.
367 1543 433 1591 lrern
446 1544 564 1592 lucrinum
576 1545 672 1592 Medic.
685 1549 705 1591 1.
718 1547 741 1592 3.
755 1545 834 1592 Polit.
846 1545 921 1593 llulr.
932 1543 1109 1593 vinum-tu.
1120 1543 1205 1593 Puris.
1216 1543 1334 1591 Hnrlenr.

235 1621 294 1657 cum
307 1607 374 1656 Edd.
387 1609 460 1659 llum.
472 1609 611 1658 Med-Sub.
623 1609 699 1670 Culd.¹
711 1608 777 1658 Bou.
790 1608 865 1673 Conj.
878 1607 949 1658 Oud.
960 1608 1063 1657 irrierrte
1074 1607 1202 1670 uacuum,
1214 1607 1260 1656 red
1272 1608 1334 1657 nihil

726 1764 832 1820 NO'l'AE

266 1875 277 1900 '
294 1867 380 1930 Fur-du]
397 1865 455 1916 Hoc
472 1873 522 1929 eet,
533 1868 651 1929 tremula,
662 1873 690 1916 et
702 1881 763 1930 qun·
804 1866 897 1916 merito
907 1863 1263 1928 prodicarmndstegeuuum
1272 1879 1334 1914 een.

234 1941 586 1994 linostreniainfirmiruimi.
618 1945 763 1996 erorenru
802 1950 842 1991 ret
860 1941 1086 1998 duodeuicerrurrou,⁸
1114 1941 1258 1990 mutatione
1279 1941 1335 2006 qui·

233 2015 368 2066 duvenalis
381 2019 433 2065 Sat.
446 2032 485 2068 vr.
498 2018 530 2068 de
543 2019 600 2068 illo:
619 2021 626 2048 ‘
639 2021 686 2068 Ille
696 2021 765 2069 renis
803 2018 861 2066 dem
874 2017 965 2067 minori
976 2031 1052 2081 qnam
1063 2015 1173 2080 Lipsius,
1185 2031 1234 2082 que
1247 2025 1334 2067 tumen

234 2093 420 2156 tremulumque
437 2104 516 2157 caput
531 2097 688 2147 descendere
706 2113 765 2147 run·
802 2095 870 2158 quod
884 2095 939 2144 vult
949 2091 1015 2142 effici
1028 2107 1077 2142 non
1090 2093 1201 2149 videtur.
1214 2095 1335 2159 quianon

233 2168 268 2217 ait
278 2169 309 2218 ln
321 2171 462 2226 sniumei
474 2170 575 2235 longam
588 2173 766 2222 manentiule·
802 2170 912 2232 amplius
923 2183 998 2233 quam
1010 2168 1164 2232 quingentos
1172 2169 1279 2232 siugulis
1290 2183 1335 2218 na·

233 2243 280 2293 bre
297 2244 421 2294 salivam!
454 2247 513 2298 Qun
531 2248 696 2297 vacillatione
719 2249 764 2298 oh·
803 2246 1143 2308 viburreeturesirrignst;
1160 2245 1283 2293 hacenim
1294 2259 1335 2294 re·

235 2333 347 2369 somnum
360 2319 429 2370 forte
441 2321 502 2386 quid
515 2321 608 2381 lueret,
620 2331 649 2373 ut
661 2339 693 2374 ex
706 2339 763 2387 unp.
804 2322 875 2371 tione
889 2321 989 2371 nonnisi
1007 2319 1184 2384 duodeviginti
1203 2321 1333 2370 hominum

234 2397 275 2443 8⁰.
288 2392 354 2443 inlrr
365 2397 486 2459 colligere
496 2405 546 2447 est.
802 2398 882 2447 millis
901 2396 981 2445 fuisse
1001 2403 1146 2459 oporteret,
1165 2411 1228 2462 quur
1247 2405 1333 2445 tumen

266 2479 282 2504 '¹
296 2471 386 2520 Clureia
397 2471 478 2522 Siculo
486 2481 508 2524 et
519 2475 625 2538 erodiu]
635 2478 693 2527 Non
704 2491 764 2540 qna.
802 2473 963 2536 undeviginti
974 2471 1053 2520 fuisse
1064 2471 1171 2520 Tacitus
1182 2480 1273 2520 auctor
1284 2481 1334 2522 eut.

233 2547 255 2596 si
272 2549 364 2598 erudii
384 2548 472 2600 lorerrt
495 2560 538 2601 aut
562 2553 640 2603 Siculi
661 2569 764 2604 onume-
801 2549 899 2597 Verum
921 2548 982 2612 quid
1005 2548 1026 2597 εἰ
1053 2548 1171 2596 trireme!
1197 2548 1332 2610 Pllffllum

234 2625 334 2690 chinni,
355 2623 400 2675 aed
421 2628 625 2689 quintianum
648 2630 682 2679 rur
701 2631 764 2680 airu
802 2624 955 2686 quingentos
973 2624 1115 2686 caperent?
1137 2623 1165 2672 Si
1183 2627 1334 2688 septingen-

232 2703 346 2752 nautlcae
358 2703 515 2766 peritissimi,
524 2706 563 2754 vel
573 2707 714 2769 quinjuxla
722 2721 764 2755 eo·
801 2709 841 2750 tos
851 2710 895 2750 aut
904 2701 1083 2764 octingentos?
1115 2701 1142 2750 Si
1153 2703 1333 2766 septingentos

232 2779 764 2844 rumcousuetudinempugnaturum
801 2778 942 2840 nonaginta
969 2779 1042 2839 duur,
1075 2775 1236 2840 undeviginti
1260 2777 1334 2826 milli·

231 2853 270 2903 siu
282 2854 421 2916 appellate
433 2862 493 2904 sunt
504 2856 608 2906 clauses·
633 2858 685 2906 Dio
696 2859 763 2924 oplm
803 2851 850 2900 bur
869 2851 1017 2901 suffectum
1035 2860 1096 2901 suut
1111 2865 1126 2900 ι
1144 2851 1269 2902 Suetonio
1288 2853 1335 2902 tri·

233 2929 250 2977 l.
264 2941 306 2977 nr.
319 2929 464 2992 appelletur
481 2929 668 2980 tuntumfulrse
681 2940 763 2982 noret.
801 2943 885 2978 remes
909 2928 1054 2992 assignetur.
1087 2927 1156 2976 Huic
1174 2929 1333 2990 conjecturo

265 3011 278 3036 ¹
295 3003 463 3052 Duodrrrurum
481 3005 628 3069 triremium]
647 3005 697 3054 Dio
716 3006 765 3054 ibi·
800 3003 890 3054 farere
902 3005 1005 3054 ridetur
1020 3003 1134 3058 Taeitru,
1153 3003 1248 3052 ibidem
1261 3005 1334 3055 trire-

233 3080 291 3128 deur
299 3079 500 3128 naumuolrlarior
508 3093 597 3128 ornnes
606 3088 687 3130 morte
695 3082 764 3130 dum·
800 3095 854 3130 mer
864 3081 1090 3146 quadriremesque
1101 3095 1262 3139 memoruus;
1275 3096 1332 3132 curn

232 3161 308 3204 natos
326 3151 451 3217 referens,
467 3155 653 3219 quinquaginta
665 3157 723 3206 hinc
736 3165 764 3208 et
802 3157 869 3206 enim
890 3157 930 3206 hur
954 3157 1064 3219 nrnJores
1086 3164 1184 3210 essent,
1209 3158 1332 3218 ruujoreur

232 3233 291 3281 iude
303 3230 411 3280 naribus
424 3239 512 3280 rector
531 3231 640 3281 eddidit.
672 3233 764 3282 Sueto-
801 3245 903 3297 quoque
915 3245 1046 3281 nrrnrerum
1057 3231 1213 3281 continuisse
1225 3246 1334 3282 necesse

233 3308 290 3357 uiua
300 3306 432 3357 duodenas
442 3315 541 3357 tantum
555 3310 672 3358 triremes
685 3310 763 3372 ussig-
803 3317 859 3358 eut:
878 3323 929 3372 qun
941 3309 1039 3358 ratione
1051 3307 1176 3358 Suetonio
1190 3324 1247 3358 cunr
1260 3311 1333 3360 'l'uui-

232 3383 367 3446 nut,uude
387 3385 538 3434 alterutrius
559 3399 631 3434 error
643 3385 764 3436 munilea·
801 3395 827 3432 ro
839 3384 950 3435 fortusse
962 3385 1124 3442 ourrveuerit,
1142 3385 1202 3449 quin
1222 3397 1247 3434 et
1269 3389 1333 3438 utri-

232 3465 275 3509 tur
286 3473 344 3508 erre
357 3459 467 3509 ridetur.
494 3460 595 3524 Lipsius
606 3461 638 3510 ed
650 3475 700 3510 xrr.
712 3461 764 3510 An·
800 3475 849 3524 que
860 3475 918 3509 enm
931 3461 986 3523 lpro
1005 3461 1098 3526 Dione,
1118 3461 1140 3510 ai
1160 3469 1231 3512 totus
1247 3465 1332 3514 'soriti

233 3534 285 3585 nal.
303 3534 397 3590 'l'auiti,
413 3534 458 3583 ubi
470 3535 526 3584 lime
545 3535 602 3598 ipsa
619 3545 763 3590 narrantur,
801 3537 873 3584 lucus
885 3534 1066 3597 expendatuu
1083 3535 1234 3586 additeuirn
1247 3538 1333 3588 ‘cirro-

232 3609 345 3658 Dloneur
362 3609 488 3674 sequitur,
510 3618 537 3660 et
559 3609 650 3659 falsum
670 3611 763 3660 Sueto·
802 3619 854 3660 trun
875 3612 972 3659 ruribus
991 3611 1126 3670 ambitum,
1144 3624 1175 3660 ne
1193 3627 1257 3676 ruga
1269 3612 1334 3664 offu-

232 3689 301 3736 nium
315 3685 452 3746 affirment,
469 3689 657 3752 quinquagenum
674 3689 715 3738 lric
728 3690 763 3738 le·
801 3689 842 3751 gia
853 3686 957 3736 t‘urent!
990 3687 1042 3736 Dio
1054 3687 1161 3751 quippe,
1171 3686 1223 3736 dici
1235 3695 1333 3752 potest,

232 3761 343 3825 gendum
364 3766 524 3824 pronuntiet.
556 3765 704 3814 'l'orrentiur
717 3767 763 3814 rui·
801 3771 903 3812 ruteret
912 3763 1040 3822 triremes,
1051 3761 1099 3810 hoc
1110 3771 1158 3818 est,
1171 3770 1223 3812 taur
1237 3779 1332 3828 pugnae

232 3839 300 3888 nime
319 3839 471 3887 audiendum
493 3839 623 3901 admonet,
641 3843 696 3890 loco
711 3843 759 3890 Tu·
800 3850 875 3903 ortum
888 3839 943 3887 usui
956 3839 991 3888 illi
1005 3839 1137 3887 rleetiunta
1152 3840 1265 3903 navigia,
1278 3842 1331 3890 uui-

232 3914 588 3978 eitisrrpra'dirrufretunulu
600 3915 760 3980 undeviginti
801 3931 832 3965 ru
849 3913 912 3972 uuir,
932 3916 980 3964 lroo
997 3921 1047 3978 eut,
1064 3914 1140 3977 mois,
1157 3916 1331 3977 eppelletioos

231 3990 360 4040 hominum
372 3993 452 4040 millio
469 3991 500 4040 ad
518 3993 583 4040 haue
601 4007 708 4056 pugnum
722 4009 760 4041 or·
800 3992 961 4054 complexus,
985 4005 1042 4040 curu
1066 3990 1165 4040 Auctor
1180 3991 1221 4042 lriu
1244 4003 1331 4043 noster·

232 4073 314 4114 mator
326 4077 424 4126 narrar,
443 4081 518 4131 quern
535 4082 666 4117 numerum
681 4077 760 4118 rorrrae
800 4067 902 4118 nonnisi
924 4069 1049 4122 triremes,
1067 4067 1115 4118 lroe
1133 4073 1183 4130 ert,
1201 4078 1330 4132 puguatu-

232 4141 332 4192 nariuur
345 4143 511 4206 multitudini,
523 4144 564 4194 rel
576 4153 655 4194 nnuta
662 4145 760 4208 judice.
802 4158 853 4206 rur,
864 4142 1030 4208 expresserit.
