3118 4852
294 362 380 434 naa
717 383 749 432 a.
772 379 950 432 ουιινουιι

296 521 490 596 choraules,
504 521 539 587 ia
558 519 723 588 comoedia
740 522 913 588 naaebant.
958 519 1028 586 Sed
1045 521 1206 602 quianon
1227 527 1380 604 mma

296 625 406 688 omnia
421 623 519 688 simui
538 622 627 704 apud
647 641 761 685 omues
783 622 927 686 artifices
944 623 1066 703 pariter
1080 623 1260 699 excellere,
1274 625 1305 688 ei
1320 626 1378 706 qui

296 731 387 788 erant
408 724 492 787 inter
506 730 637 787 actores
656 721 891 787 comoediarnm
914 741 976 805 pro
1003 721 1160 786 facultate
1183 730 1218 786 et
1233 731 1304 789 arte
1318 745 1378 808 po·

295 825 410 900 tioreS,
423 824 647 906 principatum
670 823 735 886 sibi
758 823 892 888 artificii
912 823 1135 888 vindicabant.
1180 823 1235 889 Sic
1251 824 1387 890 sactum*

296 938 360 1001 est,
374 931 424 1002 ut,
439 924 623 992 nolentibus
638 922 754 990 undere
769 925 879 988 mimis
892 924 926 988 in
944 921 1085 990 artifieio
1101 941 1163 989 auo
1177 927 1310 1002 ueterie,
1325 945 1379 990 sa·

293 1026 425 1108 paratio
439 1024 531 1088 fieret
543 1024 752 1106 reliquarum.
797 1023 888 1088 Nam
904 1024 983 1088 dum
997 1025 1149 1107 put-iures
1159 1024 1377 1105 inferioribus,

295 1126 401 1207 quiin
420 1125 509 1188 omni
524 1123 702 1205 ergasterio
722 1129 825 1200 erant,
841 1126 963 1188 servire
986 1125 1258 1206 dedignabantur,
1272 1146 1310 1190 se
1324 1127 1376 1209 ip-

295 1243 354 1289 sus
367 1244 388 1288 a
403 1224 570 1288 comoedia
589 1229 841 1306 separaverunt:
858 1245 898 1288 aa
913 1227 962 1290 sie
975 1225 1103 1289 fantum
1117 1234 1183 1302 est,
1197 1232 1249 1303 ut,
1262 1247 1376 1291 exarn-

294 1325 476 1409 ploeemel
497 1331 619 1402 sumta,
641 1326 871 1410 unusquisque
893 1327 974 1392 attia
997 1345 1068 1392 suae
1090 1345 1157 1390 rem
1172 1329 1294 1410 exequi
1308 1348 1375 1394 οω-

293 1426 391 1508 perit,
411 1444 520 1510 neque
544 1425 578 1488 in
603 1424 803 1490 nomoediam
822 1427 953 1491 venire:
979 1426 1077 1510 nujus
1097 1427 1146 1490 rei
1161 1426 1287 1494 indicia
1299 1448 1376 1512 pro-

295 1527 376 1590 dunt
390 1527 488 1590 nubis
508 1526 655 1610 antiqaae
675 1525 863 1602 comoediae,
878 1528 911 1590 in
929 1527 1052 1611 quibus
1065 1527 1263 1605 invenimuS,
1279 1546 1373 1593 naun

295 1640 413 1688 nunna
432 1641 603 1704 anninus,
619 1641 696 1687 nun
712 1641 1022 1702 ιιινιιοιιιιιε,ιιιιν
1038 1641 1239 1692 nannenus.
1262 1628 1377 1706 Quan-

295 1726 340 1790 do
355 1724 440 1789 enim
456 1724 574 1789 chorus
589 1725 739 1802 canebat,
754 1723 898 1789 choricis
913 1725 1017 1801 tibiis,
1032 1725 1067 1788 id
1084 1731 1148 1805 est,
1164 1726 1376 1808 choraulica,

294 1827 411 1893 artifex
426 1826 636 1910 concinebat.
672 1825 712 1891 ln
727 1826 869 1892 canticis
881 1833 1003 1904 autem,
1018 1825 1228 1909 Pythanlicis
1244 1847 1377 1913 respon·

295 1931 404 1996 sabat.
447 1927 515 1992 Sed
529 1927 621 2010 quod
644 1942 807 1992 enatans
831 1939 958 2005 τινιιο,
974 1928 1029 1992 vel
1050 1942 1270 2005 ιιινιιιοιιιυε,
1285 1931 1379 1996 inve-

293 2031 403 2094 nimus
416 2031 588 2112 scriptum,
601 2028 662 2092 hou
678 2027 863 2110 siguificat:
887 2028 917 2091 si
932 2028 1065 2112 quanda
1073 2027 1229 2094 monodia
1242 2031 1379 2114 agebat,

293 2149 392 2196 unam
406 2129 521 2194 tibiam
536 2127 694 2207 inflabat;
715 2128 744 2192 si
760 2127 894 2212 quando
908 2128 1063 2212 synodio,
1077 2136 1265 2214 utramque.

445 2363 580 2430 ιῙοοιοιιοο
599 2360 719 2425 Τννινοο
738 2359 856 2424 Hister.
873 2359 1016 2427 chiliade
1033 2378 1081 2454 V.¹·
1094 2383 1125 2428 υ.
1140 2362 1215 2428 877.

383 2510 570 2596 Τςοίγκυλλος
585 2507 729 2586 Σουηπῐνιίς
744 2533 786 2581 τις
801 2511 828 2570 ἓν
843 2510 965 2582 παιδιαῖς
976 2509 1132 2588 Ἐλλήνων,

380 2615 497 2684 Πολλὰς
511 2612 561 2692 μὲν
574 2609 671 2684 οίλλας
685 2611 796 2682 παιδιὰς
811 2609 860 2672 καί
873 2609 1036 2690 συμποσίων
1048 2609 1139 2696 λέγει.

243 2767 249 2776 .
372 2707 593 2792 Ὧντυμποσίοον
605 2709 661 2794 μία
674 2705 725 2793 μίν
739 2717 754 2787 ἡ
770 2709 957 2797 ίωλοκρασίω·
1056 2764 1060 2772 .

377 2810 484 2899 ‘Erige
498 2814 526 2876 di
540 2815 554 2874 ί
569 2812 718 2891 κότταβος,
733 2816 801 2893 6μοῦ
814 2812 862 2875 καί
878 2818 893 2889 ἡ
909 2811 1036 2895 λατάγη.

380 2919 415 2975 Oi
429 2911 479 2976 νίοι
495 2919 554 2996 γὰρ
570 2911 743 2994 κωμάζοντος
759 2911 851 2986 σίτοις
865 2912 1079 2998 ἀφωρισμένοις,

378 3014 447 3098 Περὶ
461 3011 578 3098 ίσπίραν
591 3014 655 3085 τοὺς
667 3017 744 3096 χοίίς
759 3014 806 3075 καί
824 3016 887 3086 τοὺς
901 3013 998 3092 βίκους
1011 3013 1137 3092 τιίίντις,

367 3109 517 3186 Ἕκαστος
530 3112 726 3198 ἀνδριζίμινυς,
744 3112 814 3178 ίπινο
829 3115 876 3178 τίν
890 3116 997 3180 οίκοῖον.

283 3243 288 3254 ’
374 3211 425 3286 Ὃς
440 3214 467 3274 di
482 3216 512 3275 ου’
527 3217 595 3277 πιεῖν
608 3211 715 3301 ’ίσχυσι
728 3215 775 3277 τίν
789 3219 887 3277 ἑαυτοῦ
899 3213 987 3300 χοία,

377 3317 543 3400 Πιςιιχιῖτο
557 3312 642 3396 ἕωθεν,
657 3321 712 3379 τῶν
726 3322 876 3397 συμποτῶν
885 3315 1042 3402 γιλοίντοιν.

380 3413 440 3478 i'di'
456 3413 634 3501 ίωλοκμοισία
647 3413 708 3497 μίν.
728 3416 776 3479 τίν
787 3413 925 3496 κίτταβον
939 3418 968 3479 δὲ
980 3416 1063 3498 uniit.

424 3521 471 3601 ra
483 3515 631 3600 συμποσίῳ
645 3516 745 3580 ίσπατο
761 3519 842 3602 ζυγὸς
857 3519 907 3582 καί
920 3521 1098 3595 λοκανίσκαι,

376 3717 412 3777 At
427 3715 591 3779 λικανίσκαι
606 3716 692 3798 μέσον
706 3720 734 3780 δὲ
749 3716 826 3802 οίχον
839 3717 1071 3803 ἀνδριαντίσκους,

376 3816 624 3902 Ἀνδριαντίσκους,
639 3817 684 3892 οὓς
693 3827 784 3901 μανᾶς
798 3817 939 3900 ω’νίμαζυν
953 3818 1014 3884 τίσι
1157 3899 1161 3908 Ι

380 3922 415 3980 Oi
430 3916 594 3999 κωμασταί·
610 3925 777 4005 πληροῦντας
792 3917 837 3983 οὖν
852 3919 920 3985 οίνου
935 3923 967 3982 τί
980 3919 1084 3984 τούτων
1098 3917 1205 4001 aedua,

253 4039 257 4046 ’
375 4023 422 4092 (·0
437 4016 532 4095 λάταξ
546 4019 594 4082 καί
611 4019 726 4104 λαποίγι]
739 4021 778 4099 δί,
792 4019 875 4106 ἤγουν
890 4023 972 4108 ὑγρὸν
986 4021 1035 4082 καί
1050 4025 1154 4106 ῥῦσις,)

380 4121 465 4179 Τοῦτο
480 4118 698 4201 ἄπικοττοίβιζον
711 4124 748 4193 είς
761 4119 829 4202 μίαν
842 4127 897 4184 τῶν
910 4119 1111 4205 πλαστίγγων,
1154 4138 1162 4155 ·
