3094 4828
249 335 315 402 650
675 355 706 400 c.
729 351 909 402 sununsrr

248 495 513 576 magistratuum,
529 499 568 559 nt
581 513 668 558 unus
682 513 702 559 e
717 494 945 574 consiliariis,‘¹
966 495 1156 579 frequenter
1177 497 1337 562 interfuit.

249 595 408 673 Eosdem,
433 595 631 678 spectacula
652 597 802 675 edentes,
829 617 966 681 surgens
992 603 1026 664 et
1043 598 1117 681 ipsc
1132 617 1208 664 cum
1224 607 1341 664 cetera

250 697 359 775 turba,
380 715 464 762 voce
488 717 529 763 sc
559 708 679 764 mnnu‘
714 706 889 765 veneratus
919 707 983 764 est.
1024 699 1205 766 Tribunis¹
1228 701 1338 783 plebis

249 798 449 864 adeuntibus
462 819 499 863 se
512 819 575 883 pro
590 801 745 866 tribunali
760 803 946 881 excusarit,
960 802 1052 887 qnod
1067 809 1200 887 propter
1212 821 1339 884 augus·

249 899 335 966 tias·
349 917 414 964 nou
429 908 549 983 posset
561 903 676 967 audire
691 921 763 980 eos,
787 903 851 968 nisi
869 911 1005 968 stantes.
1048 902 1162 982 Quare
1184 903 1219 968 in
1241 901 1337 968 brevi

249 1001 357 1084 spatio
371 1007 496 1066 tantum
512 1005 635 1069 umoris
656 1003 849 1089 terensque
870 1005 1014 1088 collegit,
1037 1011 1086 1084 ut,
1110 1025 1187 1071 cum
1208 1003 1338 1088 prolec-

249 1109 320 1167 tum
341 1121 417 1168 eutn
442 1102 572 1170 Ostium
601 1107 729 1189 perisse
759 1125 803 1171 ex
831 1107 989 1172 insidiis*
1019 1108 1205 1172 nuntiatum
1235 1111 1336 1183 esset,

248 1223 369 1288 msgna
390 1207 652 1274 consternatione
674 1208 829 1292 populus,
852 1215 887 1274 et
907 1210 1045 1275 militem
1067 1210 1166 1292 quasi
1189 1208 1337 1291 prodito-

247 1325 328 1385 rem,
358 1315 394 1372 et
422 1309 579 1374 Senatum
603 1311 701 1394 quasi
727 1312 938 1394 parricidam,
964 1313 1045 1377 diris
1064 1309 1336 1376 execrationibus

237 1408 417 1475 incessere
449 1429 515 1474 non
538 1419 614 1476 unte
636 1411 810 1486 destiterit,
832 1432 933 1497 qnam
956 1431 1040 1477 unus
1062 1419 1162 1494 utque
1185 1411 1281 1488 alter,
1302 1417 1337 1476 et

247 1528 328 1574 mox
341 1511 467 1595 plures,
482 1513 768 1596 amegistratibns
783 1513 816 1576 in
833 1513 958 1578 Rostra
974 1512 1135 1596 producti,
1155 1511 1287 1575 salvum
1302 1515 1338 1576 et

249 1611 521 1698 appropinquare
533 1613 774 1680 confirmarent.
816 1615 898 1699 [lu]
913 1615 989 1680 Nec
1004 1623 1115 1680 tamen
1126 1631 1246 1696 expers
1257 1612 1338 1676 insi·

250 1712 377 1778 dierum
392 1734 633 1800 usquequaque
647 1718 839 1801 permansit,
862 1717 922 1782 sed
941 1724 975 1782 et
997 1723 1039 1780 a⁵
1066 1715 1216 1797 singulis,
1231 1719 1266 1777 et
1279 1732 1337 1795 per

248 1815 440 1894 lectionem,
456 1825 492 1882 et
506 1818 649 1903 denique
665 1821 757 1906 cirili
772 1821 863 1886 bello
878 1820 1053 1884 infestatus
1068 1823 1130 1882 est.
1172 1815 1203 1881 E
1216 1811 1336 1898 plebe⁶

247 1915 347 1982 bomo
361 1925 457 1985 nocte
471 1921 582 1987 media
598 1923 699 2007 juxte
713 1924 901 1990 cubiculum
922 1922 996 2006 ejus
1018 1941 1094 1986 cum
1117 1919 1261 2004 pugione
1278 1916 1337 1981 dc·

247 2019 428 2104 prehensus
441 2028 510 2087 est:
531 2024 654 2107 reperti
679 2031 714 2090 et
736 2027 900 2109 equestris
925 2023 1049 2088 ordinis
1068 2021 1135 2086 duc
1148 2021 1183 2084 in
1199 2018 1339 2106 publico'¹

245 2137 321 2184 cum
347 2119 484 2186 dolonc‘
507 2142 548 2188 ac
570 2127 739 2191 venatorio
762 2127 891 2192 cultrot
915 2125 1160 2208 praestolantes,
1181 2122 1277 2198 alter,
1297 2128 1338 2184 nt

247 2239 417 2304 egressum
440 2223 579 2305 theatro,
603 2225 696 2305 ulter,
719 2234 756 2292 ut
777 2225 1018 2293 sacrificantem
1040 2223 1130 2308 apud
1154 2220 1277 2288 Martis
1291 2241 1338 2287 te-

715 2422 882 2445 mum

246 2547 338 2600 edentis
349 2549 445 2602 Medic.
457 2556 530 2603 Η
549 2553 677 2606 tutum
689 2555 773 2607 Petis.
791 2556 908 2606 Heriem.
921 2556 961 2606 cnl
973 2563 1000 2605 et
1010 2569 1036 2605 es
1046 2554 1128 2604 deest.
1160 2551 1192 2602 ln
1205 2552 1269 2616 Cop.
1282 2553 1336 2604 bea

246 2618 305 2664 tute
321 2615 443 2679 periodos
459 2631 537 2682 usque
551 2625 641 2670 etcum
652 2621 823 2671 desideratur.
839 2622 919 2672 Pone.
936 2636 982 2669 ποι
999 2619 1169 2682 potuim-t
1187 2617 1266 2666 Viud.
1278 2620 1301 2666 t.
1311 2621 1337 2666 et

245 2678 292 2727 tas.
336 2679 399 2730 Mox
416 2695 463 2744 pru
480 2697 570 2732 emur.
588 2685 653 2734 cun'.
670 2687 741 2752 Lips.
759 2685 933 2736 detestnttostb.
966 2683 996 2734 lu
1008 2692 1063 2748 opt.
1073 2683 1145 2732 ππ.
1160 2682 1270 2760 attestst.
1302 2680 1335 2730 lu

245 2741 299 2790 tius
310 2757 369 2807 cap.
379 2747 464 2858 ἔνι.
484 2747 562 2798 Vlud.
571 2753 595 2798 2.
605 2750 679 2800 Cart.
691 2766 736 2801 sau
749 2751 809 2813 Lys.
817 2751 944 2813 prebente
953 2750 1016 2798 Ero.
1024 2747 1162 2809 mut
1173 2745 1270 2798 stede.
1279 2749 1337 2794 8.-

245 2811 266 2882 ί,
282 2807 372 2861 Utar«
412 2812 1144 2876 enn.etss.nutuoset1²oue.ud.&amnuens
1174 2812 1238 2859 'l'uus
1246 2809 1339 2871 pales,

245 2875 333 2946 resen
352 2872 411 2936 cuj.
428 2883 455 2924 et
473 2875 581 2928 innectat.
598 2878 683 2929 Perta.
699 2896 714 2929 a
731 2893 765 2927 nr.
783 2883 871 2942 pn-tt
889 2880 921 2928 Et
964 2877 1065 2929 .tduls.
1081 2877 1171 2940 etspt.
1183 2875 1248 2924 Edd-
1260 2875 1336 2926 itum.

245 2931 331 2982 Euam
351 2942 419 2985 seete
437 2939 541 2989 Merum.
561 2949 614 2990 tres
633 2942 729 2993 Medic.
746 2944 810 3007 (lup.
828 2941 902 2993 Huls.
943 2943 979 3006 uj.
1012 2937 1337 3016 praesumebatur

246 3009 260 3046 ⁸
276 2999 353 3049 Ιώ
365 3001 430 3064 Phbu
449 3001 474 3052 b.
490 3010 569 3054 ueta.
603 3005 725 3058 Ceterum
740 3012 764 3056 et
781 3011 842 3058 suta
858 3013 945 3072 φησι.
957 3021 1008 3057 non
1020 3011 1164 3071 quoscunt
1176 3003 1244 3052 Duu.
1257 3003 1336 3054 Fouc.

741 3200 848 3252 Nom

246 3287 439 3340 celebrereutur
465 3301 595 3344 mercatus
622 3295 693 3361 (que
720 3310 771 3347 sex
810 3297 878 3346 enim
888 3295 1037 3359 Principem
1049 3295 1217 3359 alloquentes.

245 3363 313 3414 idun
329 3365 407 3414 etism
425 3366 580 3433 significarit
597 3370 771 3436 sennodinre)
841 3370 969 3433 tusone]
999 3371 1103 3420 Servius
1123 3381 1244 3418 enarrans
1269 3365 1337 3416 bunc

244 3453 303 3490 euru
313 3441 423 3491 omniurn
434 3443 596 3508 vectigalium
605 3461 636 3497 ec
645 3448 772 3511 portorio·
812 3459 861 3498 vu.
874 3446 973 3496 AEseid.
986 3458 1096 3504 versum,
1111 3442 1192 3492 ‘Pila
1203 3455 1276 3492 mann
1287 3455 1337 3491 sa·

245 3528 301 3566 som
313 3517 484 3570 immunitate.
515 3523 581 3574 Qum
598 3538 689 3587 tneque
703 3525 772 3590 eius·
811 3535 907 3588 sosque
917 3528 1011 3587 gerunt
1021 3521 1048 3569 ln
1060 3519 1128 3568 bella
1139 3517 1260 3580 dolones,'
1271 3517 1338 3568 dicit

244 3591 314 3641 modi
325 3591 437 3642 locorum
448 3596 554 3647 rutilitas.
811 3598 929 3648 dolonem
948 3611 1003 3647 esse
1019 3593 1157 3658 dsqellnm,
1175 3594 1245 3644 lutra
1261 3595 1336 3657 cnjus

266 3671 289 3709 ¹¹
306 3667 468 3734 Gmds'oeits]
492 3671 551 3722 Uuu
562 3685 578 3722 a
588 3673 719 3725 Torrentil
728 3689 771 3726 cu·
810 3675 907 3740 virgum
917 3673 980 3724 latet
989 3671 1077 3738 pugio,
1085 3687 1101 3721 a
1109 3669 1223 3722 fallendo
1234 3671 1271 3720 sie
1281 3667 1336 3718 dte·

245 3742 346 3794 dinibus
352 3745 449 3810 legiter
456 3749 623 3810 meddin,
632 3751 769 3811 mendose,
810 3758 874 3814 tum,
884 3748 951 3815 qood
964 3748 1079 3812 speeiem
1092 3753 1190 3796 tanturn
1202 3745 1264 3808 liqut
1281 3757 1336 3808 pst·

243 3819 261 3868 ii
272 3819 339 3870 enlm
351 3829 420 3884 sunt,
430 3822 465 3872 de
476 3823 569 3888 qulbus
579 3827 635 3878 lib.
644 3841 703 3890 esp.
713 3831 753 3879 tt.
810 3841 838 3877 sa
848 3825 943 3888 serens,
954 3824 1023 3875 ferro
1034 3825 1133 3874 latente
1144 3821 1266 3886 decipiet.
1285 3821 1337 3870 Eo·

275 3903 285 3928 ¹
306 3897 365 3946 Voce
377 3913 407 3948 us
425 3897 506 3962 m]
526 3900 720 3954 Acclamstiooe
739 3915 771 3953 sc
809 3903 868 3953 dern
880 3917 957 3953 sensu
969 3900 1149 3965 jurisconsulti
1160 3899 1193 3948 ad
1206 3901 1288 3962 tegern
1305 3895 1336 3945 st

245 3969 346 4034 Plffltt·
810 3995 842 4029 es
865 3980 958 4045 plegis,
979 3977 1006 4028 ff.
1032 3977 1064 4027 sd
1087 3976 1181 4038 Legem
1200 3972 1335 4037 aquilum.

275 4047 444 4116 ‘Amnum
459 4051 536 4106 Quod
548 4067 641 4119 nempe
656 4055 769 4105 tribunal
809 4055 892 4105 Varro
911 4055 974 4105 dicit
991 4067 1048 4103 esso
1065 4059 1170 4101 contum
1191 4063 1249 4098 euru
1267 4045 1336 4098 isrre

243 4135 295 4172 nuo
304 4135 411 4187 cuperet
422 4127 526 4190 plnres:
542 4135 649 4181 steorte
660 4131 769 4181 civilita·
809 4131 971 4182 brevissimo.

245 4199 280 4250 tis
290 4199 415 4252 duntaxat
425 4215 503 4253 eausa
518 4201 646 4268 iscisbet;
662 4206 769 4257 stsbsnt

1502 639 1518 673 4
