3046 4860
301 399 387 467 1300
649 407 758 459 noan
781 407 982 462 vaurouuu
1007 407 1045 458 tu

301 558 369 609 libna
379 553 590 618 coliturquaedaru
599 552 714 602 aeribere
725 551 758 602 de
766 565 827 602 noo·
863 553 1016 602 olaraaeere.
1044 551 1254 602 Hereuimnibil
1265 548 1337 599 abad
1346 555 1394 610 eat,

302 643 329 684 te
348 632 379 682 ad
398 631 586 680 aemulationem
599 628 718 679 Cetaria.
742 626 827 676 Arum.
862 640 937 692 qnam
962 627 1028 690 lipara,
1047 627 1073 676 id
1092 635 1145 689 eat,
1170 627 1248 680 adria,
1270 624 1350 684 autor,
1368 624 1393 672 id

301 707 423 759 Marcell.
863 707 1012 768 cabalario.
1046 705 1194 754 Porronon
1210 705 1262 752 alia
1278 702 1395 762 calabria

333 780 682 846 Noaiaaimaar11ter.Bem.
862 783 950 845 gloria,
962 795 1038 846 quarn
1048 780 1294 830 sotiatttantmuo.
1319 779 1393 827 idern

338 859 483 923 Hiapanimr
507 857 655 920 ulteriorem]
689 857 826 908 Belicam.
862 857 946 908 dictat
969 863 1009 905 eat
1029 855 1163 906 duodecim
1184 855 1288 904 iabores
1306 853 1394 904 conse·

300 935 377 984 Idem.
862 931 1009 995 clamante
1019 931 1064 980 Sol
1076 945 1160 980 annno
1168 945 1247 980 cnran
1256 930 1393 980 duodecim

332 1009 381 1060 IV.
392 1014 413 1057 et
433 1007 511 1071 XX]
529 1006 663 1056 Strabonis
673 1012 701 1055 et
710 1005 824 1071 Appiani
861 1007 935 1071 tigata
945 1005 1051 1056 Zodiaei
1062 1007 1158 1056 lnatrat
1169 1013 1196 1054 et
1206 1004 1322 1055 conficit.
1342 1005 1393 1054 Be·

299 1083 439 1136 autoritate
458 1083 533 1132 nixua
557 1082 668 1132 Caeaub.
687 1082 755 1132 bunc
779 1095 824 1130 nu·
860 1084 937 1130 rooid.

298 1173 397 1212 merum
411 1159 498 1223 ponit:
520 1157 690 1208 Virmn.
708 1158 791 1208 ldem.
894 1157 956 1206 Item
967 1153 1207 1216 Dietaeoiieemaea]
1234 1154 1306 1204 Alibi
1316 1163 1394 1204 nota·

330 1237 370 1286 Ad
383 1235 517 1298 perimet
527 1231 632 1292 sormam
642 1233 783 1283 memorialia
794 1233 825 1281 ii·
860 1249 917 1284 mua
936 1233 1058 1299 quoidam
1072 1234 1225 1283 Graecumue
1246 1233 1327 1281 libros
1338 1232 1394 1280 edi·

297 1311 353 1360 beili
373 1307 527 1371 eonomine]
556 1309 653 1357 Eadem
671 1307 721 1358 fuit
740 1307 825 1358 forma
861 1310 940 1372 disee,
960 1307 1091 1370 beamine
1112 1308 1208 1368 indice,
1222 1307 1395 1368 *thaphua

297 1385 464 1448 epistolarum
485 1383 577 1446 uulgo:
602 1383 672 1447 quod
691 1384 824 1432 declarant
860 1389 908 1436 τῶν
917 1382 1188 1449 nupturae-amem.
1220 1385 1343 1432 Fortaeee
1356 1391 1394 1432 ta·

298 1457 429 1509 Ciceronla
437 1457 571 1521 eplatolee:
582 1457 607 1506 in
616 1457 708 1522 quibua
719 1467 726 1490 ⁸
736 1466 823 1508 eatre-
860 1475 918 1511 rnen
929 1463 1015 1511 verina
1027 1467 1078 1522 eet,
1091 1474 1148 1508 enm
1165 1458 1257 1508 librom
1268 1459 1394 1520 intelligi,

297 1548 338 1583 ma
350 1533 457 1599 pagina'
474 1535 544 1584 valet
560 1541 676 1584 extrema
688 1549 747 1598 pare
758 1535 824 1598 epla·
860 1551 936 1603 quem
945 1533 1147 1600 Ἀποφθημίτυν
1157 1539 1234 1584 vocat
1250 1533 1348 1583 Cicero
1367 1535 1393 1582 in

296 1611 375 1659 tola:
401 1610 438 1658 aie
460 1610 522 1659 aiibi
540 1610 642 1673 paginae
661 1611 686 1659 ln
705 1610 823 1674 epietoiia
860 1613 1139 1677 epistolaadl’oetum.
1173 1609 1240 1659 Nam
1254 1610 1328 1672 qnod
1347 1625 1392 1656 ro

294 1686 468 1736 nominantur.
494 1685 571 1735 Quod
581 1687 718 1750 aiimpleta
729 1685 823 1750 pagina
859 1689 953 1737 lumine
970 1687 1094 1738 dicuutur
1105 1687 1143 1736 illi
1156 1685 1283 1736 Suetonio
1297 1685 1392 1740 libelli,

295 1759 645 1824 superessentialitatem
664 1776 727 1812 aero
740 1771 822 1812 trane·
858 1775 909 1811 non
922 1763 1010 1812 debuit
1022 1777 1054 1812 ea
1066 1774 1265 1826 reaqttenqnam
1276 1775 1392 1810 movere.

294 1821 470 1886 &anachorita
487 1833 636 1887 scribebam
652 1837 678 1887 itt
696 1840 821 1903 margine,
858 1839 986 1888 volumen
1008 1837 1108 1887 Latinis
1130 1844 1171 1885 eet
1195 1837 1280 1886 omnia
1305 1837 1391 1886 rectio

294 1926 399 1978 prorant
412 1919 439 1960 ut
451 1911 528 1961 bodie
540 1911 597 1961 lieri
607 1913 735 1963 interdurn
747 1915 822 1965 rotet·
857 1915 948 1978 major,
960 1916 1013 1964 aiae
1025 1915 1093 1964 iiber
1104 1913 1147 1976 rit,
1163 1913 1218 1962 aiva
1236 1911 1301 1961 libri
1322 1927 1392 1977 pare.

295 1987 397 2038 Comei.
417 1988 536 2051 intellige
548 1989 675 2040 Cererem
687 1991 822 2054 scriptino
859 1991 962 2041 coenob.

295 2065 403 2128 primum
413 2065 536 2127 epistolar
548 2066 721 2128 capitulatim,
730 2073 759 2116 ut
770 2068 820 2116 ain·
889 2065 957 2115 Car.
966 2069 1007 2114 fil.
1025 2064 1156 2129 Equitandi
1169 2061 1346 2128 partiaci-ae]
1356 2063 1392 2111 tt-

292 2143 409 2204 gularum
429 2153 515 2190 rerum
535 2142 635 2205 ringula
646 2143 731 2207 capita
742 2157 820 2193 anno·
857 2139 974 2204 quitandi
992 2155 1052 2189 nana
1074 2140 1099 2188 ei
1116 2154 1149 2190 ex
1167 2139 1284 2202 pueritia
1300 2138 1391 2188 finilia

292 2222 370 2272 taret,
388 2215 579 2281 conficeretque
597 2231 719 2277 morsum,
737 2233 768 2270 ac
780 2235 819 2270 ee·
856 2216 953 2279 extitit,
970 2222 1007 2279 nt,
1023 2213 1125 2266 redeaia
1140 2216 1166 2264 in
1184 2223 1288 2278 tergum
1307 2215 1391 2262 anani-

290 2291 412 2354 paratim,
422 2305 454 2340 ne
466 2297 603 2349 structura,
622 2299 650 2343 et
661 2295 741 2344 aeriae
760 2311 819 2346 con·
855 2293 912 2348 bue,
932 2305 1024 2357 equum
1055 2291 1220 2340 velocitaimie
1254 2290 1391 2340 concitare

291 2366 375 2414 tinent
396 2374 575 2430 perpetuaque
599 2368 758 2435 decurreret,
773 2370 818 2421 aed
855 2366 972 2416 curribus
981 2367 1154 2417 concurrerit.
1170 2365 1312 2415 Plutarch.

289 2439 451 2490 membratim
469 2455 579 2491 rummaa
597 2459 691 2509 rerum,
704 2453 731 2496 et
746 2448 819 2512 quari
889 2444 973 2506 Cupite
992 2444 1097 2507 detecto]
1118 2441 1258 2492 tarsitius
1278 2441 1391 2491 Italicae

289 2514 531 2577 capitacontinerat
540 2518 669 2580 epietolae,
678 2521 818 2573 inerat-me·
854 2517 898 2568 lib.
909 2531 928 2568 r.
939 2517 1064 2568 Punicor.
1076 2515 1231 2566 Annibalem
1244 2515 1282 2564 ait
1298 2517 1309 2544 ⁸
1323 2517 1391 2564 Ver·

287 2589 500 2640 morialialibelil.
517 2593 630 2645 Berooid.
854 2595 906 2645 tice
923 2593 1137 2656 nudo·Eacipera
1155 2593 1260 2641 insanae
1279 2591 1391 2646 imbres.

321 2665 466 2718 timonem
486 2667 582 2732 cinno]
610 2669 641 2720 ln
665 2669 748 2722 torma
769 2687 815 2737 pa·
853 2670 963 2734 caelique
989 2667 1107 2719 ruinam!
1149 2667 1191 2717 lte
1219 2665 1390 2718 Mariniaaana

288 2747 371 2798 tante,
382 2747 412 2792 ot
423 2743 501 2806 vulgo
520 2744 664 2809 loquimur:
682 2754 758 2811 prout
776 2755 814 2798 at·
853 2744 982 2794 Numidiae
995 2743 1094 2808 Regem
1106 2743 1140 2794 ab
1157 2745 1205 2793 luc
1221 2741 1391 2793 firmitudine

286 2815 337 2867 iam
350 2817 426 2868 lodie
438 2818 587 2870 acribuntor
601 2822 728 2885 epistotae.
761 2823 813 2873 Sed
852 2819 1015 2870 commendat
1026 2820 1118 2870 cicero
1134 2819 1159 2868 in
1170 2819 1215 2868 lib.
1227 2819 1261 2868 de
1277 2819 1391 2870 Seneca

287 2892 375 2942 Gerar
394 2894 593 2958 compaginarit,
611 2903 643 2947 nt
664 2896 743 2947 libelii
762 2913 814 2948 me·
852 2895 921 2960 quod
940 2897 1080 2959 nonaginta
1102 2909 1180 2945 aanor
1202 2901 1291 2957 natue,
1316 2897 1392 2945 nulio

284 2967 398 3016 moriello
406 2975 612 3031 nanmpraertara
620 2979 734 3034 poaaent.
746 2973 813 3024 Vide
851 2971 941 3028 imbre,
952 2973 1021 3022 nullo
1033 2969 1130 3034 frigore
1147 2969 1245 3020 adduci
1257 2973 1392 3034 potnerit,

284 3041 402 3092 Briaaon.
421 3040 523 3092 formul.
542 3045 560 3092 l
580 3057 645 3097 vata.
666 3060 694 3111 p.
712 3052 768 3100 aot.
784 3055 812 3101 et
852 3047 976 3110 utcapite
988 3051 1168 3110 opertoeeeet.
1187 3045 1264 3094 Ber-a.

284 3125 340 3180 aeq.
357 3116 434 3165 Bora.
882 3122 1019 3172 incredibili
1028 3121 1161 3184 celeritate]
1186 3121 1291 3183 Creaar,
1306 3121 1392 3172 Alex·

317 3189 444 3242 Pernam
454 3193 562 3256 aeripeit]
586 3195 658 3244 Varii
676 3203 737 3248 aunt
753 3213 811 3248 noa·
850 3197 924 3246 andri
944 3199 1032 3262 Magni
1054 3197 1156 3247 laudum
1179 3199 1304 3259 aomina,
1328 3214 1391 3248 eura

283 3263 331 3314 tria
343 3267 502 3330 temporibua
510 3268 610 3320 occulte
617 3269 749 3320 ecribendi
757 3286 809 3323 mo·
848 3271 896 3320 bac
907 3287 1008 3337 quoque
1019 3272 1104 3322 result
1115 3273 1240 3322 imitatus.
1274 3275 1325 3322 ile
1336 3290 1392 3340 qno

282 3338 319 3402 di,
336 3347 364 3390 et
379 3342 511 3406 praecipua
529 3357 576 3407 per
592 3343 666 3407 cisra,
682 3358 726 3395 aen
738 3346 810 3410 affra
849 3347 954 3396 Certim
964 3350 983 3397 l.
995 3361 1033 3396 vt.
1050 3347 1189 3409 ‘Nullam'
1200 3347 1302 3411 inquit,
1315 3349 1393 3397 ‘air-

282 3415 382 3479 rnlgari
393 3419 585 3482 appenninum
600 3421 674 3484 cujue
686 3422 724 3470 rei
736 3437 808 3472 naum
848 3426 930 3470 tutem
944 3422 1021 3484 Regia
1033 3421 1107 3471 iatine
1118 3421 1199 3483 magia
1214 3435 1301 3485 qnam
1316 3425 1393 3472 eele-

281 3489 359 3539 etiam
377 3493 446 3556 apud
463 3495 582 3560 antiquior
600 3495 688 3557 fultae,
705 3505 808 3549 coartat
846 3497 949 3547 ritatem
960 3497 1136 3549 laudaverim!
1157 3497 1312 3562 luemque
1324 3515 1395 3564 paco

281 3576 314 3612 ex
326 3569 447 3628 praetenti
459 3569 576 3620 Suetonii
587 3572 653 3629 ioco,
662 3579 689 3622 et
700 3587 733 3622 ex
745 3573 807 3624 Gel-
847 3579 875 3622 to
893 3572 996 3624 tantillo
1015 3581 1133 3638 tempore
1150 3579 1225 3622 tanta
1242 3577 1396 3642 gessisset,

279 3637 807 3714 tiberiana,qui‘furtiraaiitteraa’vocat‚
846 3649 1028 3714 interrogatur,
1051 3649 1194 3715 impendit,
1224 3650 1307 3710 μηδὲν
1328 3653 1396 3702 ἐκ.

280 3712 564 3783 at‘furtiraecripta.'
579 3723 758 3774 Mammam.
844 3723 1003 3790 βαλλόμενον,
1021 3726 1084 3775 aiiii
1095 3725 1309 3790 promnrtiaaado.
1345 3731 1395 3780 En

312 3790 445 3857 Feruntur]
461 3794 617 3847 Traduntur.
638 3798 710 3848 Bere.
844 3798 926 3849 iaudla
939 3779 1068 3866 abundem
1089 3800 1210 3863 eradent,
1228 3804 1289 3866 qni,
1311 3807 1394 3869 qnod

310 3865 371 3916 Eto
387 3870 473 3934 puero]
498 3871 557 3919 Eia
572 3873 806 3935 peero'i'orrentiua
844 3873 877 3924 da
889 3876 970 3926 Fabio
980 3877 1094 3928 Valente
1104 3877 1210 3927 Tacitus
1229 3877 1316 3930 babet
1338 3883 1397 3934 lab.

279 3941 415 3993 indicatin
428 3944 526 3996 dnoboa
537 3947 615 3997 codd.
631 3948 736 4000 aberae:
757 3964 806 4000 nec
844 3951 1399 4022 ru.ttiatm.c.tu.‘inuitumnccattcne,

280 4016 353 4066 abeat
365 4019 535 4072 incommode.
552 4025 628 4075 Idem.
844 4027 937 4092 agendi
957 4035 1075 4092 tempora
1093 4027 1266 4079 deliberando
1286 4045 1398 4096 conara.

311 4091 405 4176 baudra
423 4095 547 4160 Herculia]
572 4101 719 4151 Macrobioe
738 4101 805 4152 libro
843 4103 934 4152 munt!
951 4105 1026 4154 Idem.
1335 4098 1342 4112 ‘

279 4177 372 4248 primo,
392 4170 479 4230 capite
502 4173 633 4236 vigesimo,
663 4175 804 4226 Herculem
883 4179 1030 4242 Expeditae]
1066 4179 1150 4231 anlie
1177 4180 1399 4246 impedimentis

264 4233 369 4297 ,acribrt
389 4252 445 4289 erae
462 4243 557 4302 Solem,
568 4245 645 4311 idque
656 4263 689 4299 ex
701 4251 804 4302 nomine
843 4261 971 4306 oneratur.
988 4255 1062 4307 Idem.
