3114 4828
229 343 296 410 ⁰98
656 358 688 406 e.
710 355 891 406 susrouu

232 509 310 568 ante
340 501 450 566 lucem
473 496 599 565 'similis
622 497 770 566 'attonito
807 493 939 585 patroni
968 493 1165 566 ¹cubiculum
1195 501 1323 585 irrupit,

232 603 398 670 affirmans
412 603 596 668 somniasse
611 621 659 680 se,
675 603 743 667 vim
758 604 789 668 ei
806 604 849 668 ab
865 603 981 686 Appio
996 603 1144 668 illatam:
1161 604 1278 682 aliern,
1290 606 1326 668 in

232 704 487 772 admirationem
511 704 679 782 formata,¹
702 707 767 770 sibi
780 725 913 790 qnoque
934 705 1072 770 eandem
1094 707 1241 789 speeiem
1264 707 1327 772 nii·

232 813 316 890 quot
333 807 405 891 jam
427 806 583 872 noctibus
607 805 789 884 obversari,
802 807 925 871 retulit.
970 805 1044 872 Neo
1064 807 1167 870 multo
1187 815 1266 891 post
1280 827 1326 873 ex

232 910 449 992 composito²
473 909 651 992 irrumpere
666 907 804 991 Appius
824 907 1009 985 nuntiatus,
1032 907 1087 973 cni
1102 907 1220 989 pridie,
1234 909 1277 973 ad
1291 909 1325 974 id

232 1013 390 1094 temporis
411 1019 449 1076 ut
471 1011 616 1089 adesset,
639 1015 844 1094 praeoeptnm
867 1016 949 1087 orat,
970 1010 1066 1094 quasi
1087 1009 1184 1092 pinne
1204 1027 1330 1094 reptare

234 1119 418 1178 senioretnr
431 1112 549 1178 somnii
562 1111 659 1192 fides,
673 1108 815 1177 acensi*
831 1113 945 1178 statim
965 1131 1006 1176 an
1027 1112 1110 1176 mori
1129 1111 1250 1195 jussus
1263 1120 1326 1177 est.

235 1214 310 1281 Neo
336 1214 505 1280 dubitavit
528 1221 665 1297 postero
688 1213 744 1277 die
773 1211 949 1290 Claudius,
974 1211 1124 1278 ordinem
1149 1214 1196 1277 rei
1219 1223 1327 1294 gestor

233 1316 378 1402 perferre
404 1316 447 1382 ad
472 1316 643 1393 Senatum,
670 1335 712 1381 ae
736 1313 857 1386 liberto
883 1315 1006 1400 gratias
1030 1333 1137 1397 agere,
1152 1314 1243 1399 qnod
1263 1335 1327 1400 pro

234 1416 343 1484 salute
373 1438 438 1483 sna
463 1419 566 1485 eiiam
593 1417 759 1482 dormiens
789 1419 980 1482 excubaret.
1023 1413 1107 1501 [38]
1130 1415 1195 1481 Irae
1225 1421 1328 1500 atquo

235 1516 438 1586 iracundiisk
452 1519 610 1585 conscius
621 1520 698 1598 sibi,
711 1526 908 1603 utrumque³
924 1518 1102 1583 excusavit
1112 1517 1242 1594 edicto;
1260 1517 1329 1582 dis·

235 1623 412 1708 tinxitque,
422 1623 600 1708 pollicitus
622 1622 778 1688 ‘alteram
791 1621 925 1707 quidem
940 1617 1086 1688 brevem¹
1101 1627 1137 1685 et
1148 1621 1330 1700 innoxiam,

235 1724 373 1790 alteram
388 1745 452 1790 non
466 1725 624 1808 injustam
640 1723 731 1789 iore!
774 1723 1003 1802 Ostiensibus,
1031 1723 1112 1805 quia
1133 1723 1223 1788 sioi⁴
1248 1724 1330 1788 sob-

235 1827 325 1892 eunti
340 1825 487 1892 Tiberim
509 1826 654 1911 scaphas
676 1827 811 1892 obviam
834 1846 901 1891 nou
921 1826 1079 1901 miserint,
1093 1825 1234 1907 graviter
1255 1845 1330 1890 cor-

235 1928 366 2012 reptis,⁵
381 1947 486 2014 enque
502 1948 578 1994 cum
594 1928 732 2007 invidia,
748 1937 798 2006 nt,
820 1929 877 1992 ‘in
897 1926 1047 1994 ordinem
1065 1947 1102 1990 se
1124 1927 1330 2007 coactum,'¹¹¹

691 2141 873 2164 'mol

237 2295 284 2341 -i
301 2289 344 2341 Sia
363 2289 424 2339 Ber.
444 2289 535 2354 Steph.
553 2287 626 2355 (cnm
646 2297 674 2341 et
692 2290 815 2342 Beronid.
835 2291 943 2353 sonante
962 2289 1128 2352 exhibuerat)
1146 2251 1253 2342 edidere
1272 2251 1336 2343 cunr:

237 2357 345 2406 Merum.
362 2354 459 2404 Martio.
472 2359 497 2404 θ.
508 2354 565 2418 Cuj.
575 2355 651 2404 Voss.
663 2355 732 2405 Dnn.
765 2355 797 2406 ln
814 2357 918 2421 reliquis
933 2357 998 2406 Mu.
1016 2364 1045 2406 et
1063 2354 1128 2406 iidd.
1139 2355 1165 2405 in
1175 2358 1332 2408 marmiun

228 2420 340 2486 firmia.
373 2420 598 2470 Paoioenteoiier
616 2421 681 2484 cop.
696 2420 860 2472 Mediom-
893 2420 963 2471 Deio
981 2420 1007 2469 in
1023 2420 1331 2472 eud.vind.1.-sssz

235 2499 308 2548 comp.
320 2485 414 2534 derunt
423 2483 510 2534 Peris.
523 2499 537 2532 a
549 2499 582 2534 ur.
592 2498 630 2548 pr.
664 2484 733 2535 Dein
742 2486 829 2535 moeni
840 2490 992 2536 constanter
1002 2486 1068 2535 Mra.
1080 2485 1126 2533 nisi
1138 2484 1207 2549 quod
1216 2484 1295 2536 Vind.
1307 2492 1332 2535 r.

237 2563 295 2598 earn
308 2549 406 2612 aliquot
419 2547 486 2598 Edd.
496 2547 529 2598 de
541 2563 612 2626 more
622 2550 718 2624 necersi
731 2550 819 2599 Noun.
829 2551 952 2634 madri·
967 2549 1042 2598 Hnir.
1052 2549 1163 2598 nreemri
1174 2549 1246 2598 deur.
1258 2551 1331 2614 Lips.

236 2612 1333 2742 :iiiiii:iri-’iiiiinstituuntuirrrrrtiftiiiiii

238 2749 310 2808 quot.
322 2742 402 2793 Potit.
412 2747 519 2806 utroque.
544 2743 570 2791 Si
583 2742 645 2804 qnid
657 2743 818 2806 mutandum,
826 2744 916 2794 mallet
926 2742 997 2794 Oud·
1007 2748 1107 2806 utroque
1114 2759 1124 2801 ‚-
1139 2745 1178 2793 ric
1188 2745 1256 2793 eninr
1269 2745 1335 2793 Mar.

237 2807 397 2882 ruperdnetn
412 2807 566 2857 lineola-d
583 2807 636 2856 Sidi
653 2821 703 2856 non
715 2815 848 2871 comparet
860 2810 885 2856 in
898 2805 995 2884 Medic.
1008 2811 1032 2856 l.
1044 2811 1069 2856 Ι.
1086 2808 1160 2884 cort.
1178 2809 1255 2858 Fene.
1267 2809 1332 2873 Cop.

237 2869 1334 3010 Petrinis*siriuiii'iiiir:nifi'iiirizrrtuiiiin

238 3013 299 3050 ern.
312 3013 352 3063 pr.
365 2999 432 3049 ndo.
442 3000 510 3050 Van.
520 2999 593 3050 Med.
605 3015 644 3066 pr.
676 3001 761 3053 Locus
773 3009 888 3066 suspect.
901 3007 942 3052 ert
954 2999 1043 3051 Burni.
1053 3013 1096 3065 qur
1108 3001 1175 3064 conj.
1185 3001 1296 3062 ιιϋίιηα
1309 3017 1333 3050 n.

239 3294 330 3358 bertin,
341 3309 423 3360 supra
433 3311 492 3362 cap.
504 3302 546 3349 28.
807 3299 873 3360 dun
893 3298 1032 3350 iracundus
1044 3303 1132 3362 potest
1141 3296 1277 3363 aliqnando
1287 3295 1337 3346 ira·

174 3439 177 3448 Ι
271 3373 403 3440 'ArenariJ
427 3373 484 3426 idon
503 3383 553 3433 est,
571 3377 706 3437 aneorari3
721 3376 768 3426 eii·
808 3383 850 3425 uu
863 3389 914 3424 non
932 3373 1006 3424 ense!
1039 3374 1122 3426 Proto
1141 3372 1336 3423 riirerrenaisre

238 3462 315 3513 quem
334 3451 401 3499 enirn
421 3465 551 3502 meemre
570 3452 685 3510 crimine,
699 3451 767 3502 idern
809 3449 911 3500 ridetur
921 3449 1054 3512 Claudius,
1068 3448 1223 3500 iracundiam
1240 3448 1289 3498 hoe
1299 3446 1337 3496 io·

240 3534 520 3590 erratque-neonem.
555 3528 606 3578 nur
624 3529 714 3593 tegunt
728 3544 768 3578 an·
809 3541 850 3584 so,
867 3527 918 3576 odii
937 3527 1028 3580 instar.
1047 3526 1148 3588 iongnm
1167 3531 1194 3574 et
1211 3524 1337 3574 inserere·

237 3599 288 3650 eeri
297 3601 390 3662 norim,
400 3603 469 3666 quod
481 3611 508 3653 et
519 3611 614 3666 potest,
624 3617 768 3668 quanquern
810 3613 862 3655 tam
875 3601 938 3652 iram
949 3615 1006 3651 esre
1017 3602 1133 3650 innuens.

239 3675 389 3728 Torrentius
401 3677 513 3740 priorem
524 3679 660 3729 tectionem
675 3689 770 3743 preto·
845 3676 852 3711 ¹
866 3679 972 3728 Aiteran
982 3677 1075 3738 quidem
1085 3675 1189 3740 brnen]
1206 3674 1275 3724 iram
1288 3674 1337 3726 rei·

242 3753 283 3802 iit.
810 3752 1187 3818 licetqumiurorbrerisest.

273 3827 347 3878 'ire
354 3831 424 3892 atqu
431 3827 575 3893 iruandioe]
587 3826 770 3881 Differentiam
842 3839 859 3865 ¹¹¹
877 3831 907 3882 in
917 3819 1178 3892 ordinemremctsn]
1195 3826 1287 3890 Redigi
1296 3825 1337 3875 rei

241 3903 325 3955 refert
345 3905 446 3956 seneen
463 3903 507 3955 ΙΙΙ).
520 3919 539 3954 ι.
554 3904 588 3956 de
607 3906 651 3956 ira
668 3921 727 3972 cap.
745 3913 771 3959 4.
806 3908 864 3971 cop
877 3909 903 3956 in
915 3906 1032 3956 ordinem
1044 3904 1229 3968 dicuntur,qni
1242 3902 1337 3952 reide-

242 3981 251 4009 ‘
263 3981 331 4031 Quid
342 3989 413 4032 erret
422 3982 461 4031 ira
471 3983 535 4032 entis
546 3983 703 4047 explicetnm
711 3992 752 4034 ert
763 4001 770 4036 r
808 3987 918 4049 spiritui
928 3985 1068 4039 debentur,
1079 3983 1120 4031 rei
1132 3979 1165 4031 ad
1178 3981 1336 4045 privatorum

242 4069 293 4120 quo
303 4055 383 4106 distet
390 4057 424 4106 eir
431 4057 637 4109 incardinetis
646 4069 770 4123 apparet:
809 4063 911 4111 modurn
930 4059 1091 4124 rediguntur.
1125 4057 1185 4108 Quo
1198 4069 1273 4106 sensu
1285 4071 1337 4104 rna·

242 4145 294 4196 qne
307 4131 394 4181 ebrius
406 4133 440 4181 rb
454 4134 564 4198 ebrioso,
574 4135 667 4184 tirnenr
678 4151 694 4185 ι
705 4135 772 4186 timi·
810 4139 934 4202 gintrerus
946 4147 1127 4198 nonnunquam
1136 4134 1161 4184 in
1169 4132 1285 4182 ordinem
1295 4147 1337 4184 oo·

243 4205 286 4257 do.
319 4205 405 4255 iretur
423 4211 510 4270 potent
524 4223 574 4260 noo
593 4223 650 4260 erre
671 4211 771 4262 iraeun·
809 4214 835 4277 qi
847 4213 968 4266 dicuntur
979 4226 994 4263 a
1006 4209 1088 4260 Lirin.
