3090 4824
254 331 318 400 816
675 347 707 394 c.
730 345 911 397 suurotur

255 498 369 569 retum,
385 495 421 554 ot
436 488 667 573 triumphaturi
691 489 845 556 Gtcsares
859 489 936 554 inde
950 489 1083 553 laureas
1098 487 1312 569 decerperent
1326 483 1349 547 :⁶

255 594 384 675 fuitque
398 610 470 654 mos
493 590 782 674 triumphantibus,
805 591 907 656 illas⁷
930 588 1107 654 confestim
1134 586 1254 651 eodem
1273 587 1352 651 loco

256 709 419 776 pangere:
440 690 725 754 etobservatum⁸
750 695 812 768 est,
832 693 895 755 sub
923 690 1087 773 cujusquo
1101 689 1230 752 obitum
1254 687 1352 750 arbo·

257 810 326 856 rem
343 791 386 854 ab
403 792 478 872 ipso
493 791 682 855 institutam
694 791 896 873 elanguisse.
941 791 1031 873 Ergo
1047 790 1233 854 novissimo
1246 787 1354 852 Nero·

258 893 311 955 nis
325 911 413 956 anno
428 897 462 954 et
476 891 571 974 sylva
584 892 693 955 omnis
708 892 843 956 exaruit
853 901 889 943 ⁹⁸
903 891 1076 967 radicitus,
1087 895 1119 954 et
1134 889 1291 973 quioquid
1306 889 1354 952 ibi

260 993 454 1076 gallinarum
468 997 548 1070 erat,
563 992 708 1058 interiitr
730 1011 771 1058 ao
796 992 938 1061 subinde
959 995 1086 1056 tactor
1108 991 1150 1054 de
1171 991 1261 1056 coelo
1277 989 1354 1054 Cae·

261 1113 371 1160 sarum
386 1089 485 1172 adef
503 1093 617 1177 capita
630 1093 784 1157 omuibus
794 1092 891 1158 simul
900 1093 1023 1157 statuis
1037 1091 1234 1157 deciderunt
1243 1099 1267 1172 ;ι
1282 1089 1354 1155 Au-

261 1195 350 1278 gusti
365 1194 467 1258 ctiam
482 1191 671 1277 sceptrumh
693 1213 712 1258 e
731 1193 883 1258 manibus
905 1212 1087 1257 excussum
1095 1200 1158 1257 est.
1202 1192 1263 1276 [2.]
1288 1191 1356 1256 Nc·

261 1296 333 1362 roni
363 1293 475 1359 Galba
501 1291 690 1374 successit*
712 1295 808 1360 nullo
832 1295 938 1378 gradu
962 1295 1156 1376 contingens
1180 1293 1356 1359 Caesarum

262 1396 417 1461 domum:
440 1394 501 1460 sed
523 1394 612 1460 baud
629 1395 732 1461 dubio
746 1396 984 1474 nobilissimus,
999 1414 1183 1480 magnaque
1196 1403 1231 1460 et
1245 1402 1357 1460 vetere

264 1493 444 1583 prosapia,¹
465 1503 503 1562 ut
528 1498 587 1582 qui
612 1503 798 1563 statuarum
821 1497 929 1562 titulis
954 1513 1204 1562 raonsroruu
1230 1505 1287 1562 so¹
1312 1495 1358 1576 Q.

719 1693 897 1717 W

264 1803 347 1872 dieque
357 1807 415 1872 cuj.
424 1807 498 1858 Vota.
510 1807 560 1858 Ed.
573 1808 656 1859 Gran.
688 1807 751 1858 'l'urn
762 1810 818 1860 nilla
836 1808 977 1860 Gallisoreo
987 1807 1066 1858 vino.
1076 1811 1101 1856 1.
1116 1821 1131 1856 a
1143 1822 1176 1856 m.
1189 1811 1278 1870 pr.-d
1296 1805 1361 1858 Post

264 1873 319 1922 brec
331 1873 409 1923 verba
420 1872 527 1922 blesum.
538 1874 650 1936 spatium
662 1875 738 1923 uolua
750 1876 823 1924 linere
835 1887 893 1922 cum
904 1871 1011 1922 dimidie
1023 1867 1137 1936 reliquit.
1170 1871 1203 1922 ln
1214 1871 1278 1935 Cop.
1292 1875 1361 1922 Duo.

259 1936 312 1996 fait
365 1942 478 1988 mosei
490 1938 650 2002 Vulgoalias,
660 1944 688 1986 et
698 1939 724 1986 ln
735 1939 784 1988 bae
796 1940 857 1988 lect.
866 1939 1016 2001 conspirant
1025 1937 1089 1986 Mae.
1098 1937 1132 1987 0.
1153 1937 1224 1999 Lips.
1234 1951 1302 1987 corr.
1312 1952 1362 1986 eoa.

266 2001 306 2050 Ea
340 2015 403 2052 urm.
416 1999 594 2050 emendatione
604 1999 658 2050 iilos
669 2002 768 2064 recepit
779 2003 888 2065 Banmg.
900 2017 957 2052 carm
967 1999 1045 2051 Wolf.
1062 2000 1119 2051 eorl.
1129 1999 1206 2050 morlo
1215 2001 1293 2050 Vind.
1305 2005 1363 2050 i.-

266 2068 282 2113 8
302 2066 336 2114 Ut
346 2064 396 2114 oba.
407 2065 506 2114 Medic.
519 2069 541 2114 1.
551 2069 577 2116 2·
589 2065 660 2115 Dnn.
673 2071 708 2115 eat
718 2072 742 2116 at
752 2065 796 2115 sai
805 2066 962 2115 Momm-⁹
974 2065 1076 2114 Exarsit
1085 2067 1149 2128 cop.
1161 2065 1248 2116 Postea
1259 2065 1364 2114 Coesoris

267 2128 333 2191 conj.
344 2128 416 2192 Lipa.
450 2129 482 2177 ln
495 2127 563 2176 Edd.
574 2129 686 2178 casaub.
697 2139 725 2181 et
736 2145 808 2195 seqq.
819 2136 877 2182 dot.
888 2129 1008 2180 rim-iti
1027 2129 1098 2180 Toeto
1113 2131 1192 2180 l'onc.
1202 2130 1228 2178 in
1238 2143 1289 2194 quo
1302 2143 1363 2180 moa

266 2191 447 2253 Aug-etiamst.
455 2207 512 2242 cum
522 2193 627 2243 blesam.
635 2193 732 2244 Medic.
740 2199 765 2244 2.
773 2195 873 2245 euim.
883 2195 963 2244 Fouc.
971 2192 1049 2242 vind.
1057 2199 1080 2244 1.
1089 2195 1160 2244 Cort.
1168 2193 1306 2258 Vosaiuj.
1314 2193 1364 2244 Ed.

266 2255 613 2332 Stepb.(inqnaeasoibua)
624 2259 703 2320 linig.
727 2259 920 2322 Aminneae.
932 2257 1030 2308 Medic.
1043 2263 1064 2307 1.
1085 2258 1282 2320 deguisse-1
1304 2259 1363 2306 Pro-

266 2320 872 2453 tta'tritissimistitiis
881 2321 1365 2451 triauiiti‘tiitlt‘,inti

759 2535 865 2588 ΝΟΜ

268 2627 313 2680 ilia
324 2630 424 2694 genitas
434 2632 522 2695 foisse,
532 2639 670 2685 auctorest
680 2635 739 2694 Dio,
751 2649 798 2684 uo·
838 2650 889 2702 quo
905 2637 930 2686 in
949 2637 1002 2690 Jnl.
1019 2652 1077 2702 cap·
1093 2641 1133 2688 dl.
1166 2636 1243 2690 Quod
1262 2634 1367 2686 videtur

270 2706 303 2756 de
322 2721 404 2771 genus
418 2708 532 2760 albarum
546 2709 697 2774 gallinarum
709 2709 797 2776 appel·
837 2713 915 2763 etlam
927 2713 1035 2778 intelligi
1047 2728 1122 2778 posse
1141 2713 1174 2764 de
1194 2711 1250 2762 rede
1267 2712 1302 2760 D.
1318 2709 1367 2763 Jo-

269 2781 360 2831 latom.
838 2787 877 2851 lii,
889 2788 958 2852 Aug.
968 2803 1027 2854 cap.
1036 2793 1093 2839 tor.

302 2865 313 2890 ⁸
328 2856 403 2920 Spica
418 2860 494 2910 onais
509 2859 617 2924 carnit]
637 2862 725 2912 Simile
736 2859 799 2926 quid
871 2871 884 2906 r
902 2863 988 2927 Capita
1054 2862 1201 2925 deciderant]
1226 2858 1368 2910 Confirmat

270 2929 351 2982 refert
366 2948 400 2982 ea
411 2934 513 2986 Joaoae
523 2938 615 2986 'l’setae
627 2938 727 2988 ilistor.
739 2936 799 2986 Cbi·
839 2938 907 3003 qnod
920 2939 953 2988 da
971 2937 1124 2988 amabilibus
1140 2944 1283 2987 statuarum
1298 2936 1368 2998 capi·

270 3008 340 3058 liade
351 3023 389 3058 tv.
408 3011 586 3074 Caaauboous,
600 3012 679 3064 ficum
698 3013 801 3063 seilicet
839 3013 910 3064 tibus
921 3025 998 3078 snpra
1014 3019 1133 3063 notatum
1148 3019 1189 3074 est
1201 3012 1228 3062 iu
1238 3009 1295 3060 Tib.
1309 3025 1367 3076 esp.

271 3081 350 3132 foisse
362 3084 500 3149 logotheta
516 3086 616 3137 cuidam
632 3089 710 3140 onice
721 3089 800 3138 dilee·
840 3093 881 3138 ⁶8.
892 3097 920 3140 et
930 3089 1010 3152 Calig.
1022 3101 1081 3152 cap.
1090 3091 1132 3138 22.

272 3158 397 3223 tam,(sic
409 3161 491 3210 otalii
510 3163 606 3212 nemini
621 3162 733 3213 fructum
745 3164 800 3227 ejus
872 3163 885 3198 ¹¹
901 3167 1007 3228 Amuli
1023 3165 1094 3215 nur·
1112 3161 1287 3228 [Augustique]
1304 3176 1370 3225 seep-

271 3233 801 3304 comederelicerer,)quediemorttsejos
839 3239 915 3302 bea]
931 3239 1000 3290 illud
1020 3253 1113 3302 nempe
1131 3238 1198 3304 qood
1217 3237 1368 3301 portabatur

272 3313 384 3375 exaruit,
403 3328 433 3365 ac
452 3321 555 3380 postero
573 3316 617 3367 die
628 3332 643 3368 a
654 3332 752 3368 summo
768 3317 801 3366 ad
840 3330 855 3365 a
867 3315 1093 3380 triumphantibus,
1104 3328 1154 3364 uon
1170 3328 1230 3364 raro
1241 3314 1317 3378 quale
1328 3327 1369 3362 re·

272 3389 461 3442 irnomdditse.
477 3393 561 3446 Quam
570 3393 702 3444 historiam
712 3401 803 3444 auctor
841 3391 915 3456 gibus
923 3398 989 3441 erat.
1023 3391 1132 3441 Constat
1146 3403 1255 3454 namque
1267 3388 1368 3436 Princi-

272 3463 317 3512 ilie
327 3472 418 3514 saneta
423 3467 496 3530 jurat
506 3480 563 3518 ease
574 3483 670 3520 seram.
695 3469 802 3518 Tacitus
841 3479 888 3530 pes
900 3467 1028 3516 Romanoa
1047 3466 1103 3514 bec
1121 3465 1193 3528 regni
1204 3464 1313 3527 insignia
1324 3462 1368 3512 diu

273 3537 498 3592 libanensem.
517 3542 544 3592 ln
562 3541 613 3594 fine
633 3543 690 3606 ipso
710 3543 801 3604 tradit,
841 3555 892 3590 non
909 3553 1055 3604 usurpasse,
1071 3547 1101 3590 ut
1118 3539 1183 3589 infra
1200 3540 1227 3588 in
1240 3537 1323 3602 Calig.
1336 3539 1369 3587 ad

274 3613 437 3664 Ruminalem
456 3615 656 3682 arboremque
673 3617 700 3666 io
717 3617 802 3668 medio
842 3627 898 3679 eap-
907 3621 949 3666 11.
981 3617 1131 3666 Torrentim
1142 3617 1167 3664 in
1179 3614 1294 3665 omnibns
1304 3613 1371 3664 blas.

275 3688 380 3742 comitio
398 3694 466 3754 erat,
487 3692 622 3743 exaruisse
651 3692 720 3742 circe
745 3693 802 3743 brec
842 3693 905 3756 legit
918 3693 1286 3758 aswtettmscsprmmr.

275 3771 403 3828 tempora,
414 3771 441 3816 et
455 3767 550 3817 ostenti
561 3767 618 3817 iaco
629 3766 716 3818 foisse.
750 3770 803 3819 Oe·
875 3777 886 3823 i
904 3767 936 3816 Α.
948 3769 981 3818 U.
994 3769 1024 3818 C.
1036 3773 1092 3819 821.

274 3842 405 3906 tingentes
417 3842 486 3892 enim
497 3849 525 3892 et
542 3844 652 3908 amplius
666 3857 745 3894 aonos
756 3844 802 3894 tlu-
876 3844 884 3878 ¹
899 3844 1026 3910 Procopio]
1060 3845 1118 3894 iloc
1138 3849 1187 3907 eat,
1207 3855 1302 3907 genere
1323 3855 1369 3892 aen

275 3924 387 3981 raserat,
405 3923 498 3982 utpote
516 3933 575 3984 qua
594 3919 732 3972 Romulum
751 3920 803 3970 Re·
843 3918 935 3983 stirpe.
967 3919 1026 3972 Qua
1038 3933 1101 3968 voca
1113 3918 1236 3969 Catonem
1248 3922 1275 3967 et
1291 3917 1370 3967 Piso·

275 4007 396 4058 mumque
406 3994 519 4047 infantes
530 4003 642 4047 texerat.
843 4003 897 4046 ton
911 4010 970 4045 usos
982 3996 1104 4058 reperias,
1117 4009 1147 4044 ao
1165 3996 1315 4046 Ciceronem
1333 3994 1371 4058 lp·

308 4067 319 4098 ¹
334 4071 454 4120 Cannar
464 4071 526 4136 ade]
548 4073 698 4124 Torrentius
709 4073 803 4124 intelli·
844 4087 909 4138 sum,
919 4072 964 4122 sed
977 4071 1094 4121 adbibita
1109 4073 1238 4133 cantione,
1254 4071 1318 4120 libro
1336 4071 1370 4118 de

276 4141 314 4204 git
335 4145 457 4207 ternplum
475 4144 583 4198 Veneria
595 4147 753 4205 Genetricis.
768 4147 804 4197 de
843 4148 1086 4212 uniuersitate,‘et
1103 4161 1191 4198 eorum
1208 4146 1251 4211 (ut
1268 4154 1370 4196 utamur

786 4408 808 4464 'a

825 4483 831 4515 i
