3104 4830
620 339 865 388 oonrrrsnos.
1222 319 1286 390 971

200 485 380 572 Equitique
397 487 554 570 penuriis,
570 485 699 568 plebei¹
723 487 893 571 sportellis
919 505 994 552 cum
1017 487 1161 570 opsonio
1178 487 1287 552 distri·

200 589 300 664 botis,
316 589 445 652 initium
460 586 619 651 vescendi
634 587 757 670 primus
769 587 872 652 iecit:
887 588 1005 672 dieque
1017 590 1171 672 proximo
1187 603 1285 654 omne

201 707 303 770 genus
329 695 457 754 rerum²
479 689 618 752 missilia
641 691 783 770 sparsit:
815 695 847 752 et
873 691 954 774 qnia
976 709 1055 772 pars
1080 691 1286 774 majorintra

200 791 398 872 popularia⁰
419 789 598 865 deciderat,
620 790 870 872 quinquagenas
891 799 1059 854 tesserast
1081 792 1115 853 in
1137 791 1285 873 singulos

200 908 327 954 cuneos
342 893 502 974 equestris
514 909 555 954 ac
567 891 729 954 senatorii
742 891 869 955 ordinis
879 891 1110 974 pronuntiavit.
1132 890 1193 974 [5.]
1210 893 1286 956 Plu-

201 990 282 1056 rima
297 1002 331 1055 et
346 992 553 1074 amplissima
575 999 700 1073 operaq
723 991 877 1056 incendio
893 995 1047 1057 absumta
1065 993 1230 1058 restituit:
1252 995 1286 1057 iu

202 1091 302 1174 quis³
326 1099 360 1155 et
375 1092 605 1176 Capitolium,l
628 1092 715 1174 quod
731 1113 844 1157 rursus
860 1100 1007 1158 arserat:
1030 1093 1089 1158 sed
1104 1094 1213 1159 omnia
1224 1095 1285 1158 sub

201 1191 298 1256 titulo
312 1198 435 1258 tantum
451 1214 524 1272 suo,
547 1213 587 1258 ac
610 1193 681 1256 sine
697 1195 768 1259 ulla
793 1195 925 1277 pristini
948 1195 1095 1260 auctoris
1118 1197 1286 1260 memoria.

203 1291 358 1358 Novam⁸
379 1300 488 1358 autem
503 1295 663 1362 excitavit
679 1296 783 1360 aedem
798 1297 833 1360 in
850 1297 1021 1380 Capitolio
1037 1295 1179 1362 Custodi
1193 1296 1285 1372 iovi,

653 1525 802 1548 ΝΝΝΝΝΝΝ
805 1525 835 1548 Ν

201 1703 305 1766 alendi,
323 1705 348 1753 in
362 1705 541 1772 'disjungendir
560 1709 679 1758 membris
697 1709 753 1760 See.
772 1710 906 1772 Erebique,
922 1717 950 1759 et
963 1709 1055 1774 plebei.¹
1072 1711 1225 1772 Beuum-l
1242 1710 1286 1762 Sic

202 1769 308 1834 Menam.
321 1771 416 1820 Medic.
427 1773 502 1820 Vind.
512 1777 534 1824 t.
547 1773 615 1821 Dnu.
626 1773 701 1822 liuta.
710 1775 782 1822 Voss.
796 1775 861 1824 Edd.
870 1775 936 1822 Ven.
946 1779 968 1823 l.
978 1773 1066 1837 Steplr.
1075 1775 1181 1825 Cassub.
1189 1782 1217 1823 et
1228 1775 1285 1825 sliu

201 1835 315 1882 novitias.
340 1833 370 1882 ln
381 1835 486 1898 reliquis
498 1837 559 1885 ltlss·
571 1845 598 1886 et
609 1837 670 1887 libb.
683 1838 755 1900 impr.
765 1839 837 1887 Vett.
848 1837 942 1899 plebeis.
965 1837 1102 1902 Pleraeque
1113 1837 1285 1900 distinguunt:

199 1897 295 1959 plebeis,
314 1900 441 1962 sportellis,
458 1905 567 1948 τινι-2
584 1902 663 1950 Deest
680 1916 758 1950 roura
778 1900 862 1952 Peris.
881 1901 997 1950 Heriem.
1009 1917 1024 1950 a
1035 1917 1068 1950 ns.
1086 1915 1138 1952 sec.
1158 1901 1287 1964 ejecitque

201 1961 313 2010 Cssaub.
332 1976 389 2011 enm
408 1963 504 2012 Sebild.
521 1961 644 2014 faventib.
662 1964 731 2014 ond.
742 1965 809 2014 Dok.
838 1965 914 2015 Malis
927 1965 1014 2014 llurm.
1025 1966 1214 2014 omaimreraas
1222 1966 1287 2014 saise.

202 2032 231 2073 nt
242 2025 268 2072 iu
281 2024 370 2076 Claud.
383 2028 447 2090 Cap.
460 2031 498 2076 11.
532 2029 586 2078 Pro
605 2029 670 2078 iatrs
689 2043 746 2077 mov
766 2029 828 2078 ister
846 2044 909 2078 unns
927 2031 1001 2079 Torr.
1016 2029 1114 2079 Medic.
1131 2033 1286 2092 heressim

202 2079 316 2139 Heriem.
335 2090 400 2140 sun.
411 2107 471 2142 sec.
484 2105 529 2141 xv.
540 2093 655 2142 Bom-s
675 2093 766 2150 Quibus
775 2093 853 2142 Vind.
865 2096 890 2142 1.
907 2093 986 2144 Fonc.
1017 2093 1048 2142 lu
1061 2093 1148 2142 multis
1158 2093 1231 2156 queis,
1241 2092 1286 2142 sed

201 2155 309 2204 mutarit
320 2153 408 2204 Burro.
419 2170 476 2206 cum
488 2157 562 2207 Vett.
575 2157 641 2208 Edd.
652 2166 680 2208 et
692 2158 756 2208 Mes.
782 2155 855 2208 Infra
864 2158 951 2208 actoris
958 2157 1031 2208 Huls.
1042 2167 1068 2208 et
1078 2171 1162 2207 aenaea
1171 2156 1286 2207 Harlero.

693 2353 798 2407 NOTAE

202 2491 335 2544 timentia!
367 2493 474 2546 Romani
491 2503 586 2560 autem,
597 2497 632 2548 ob
649 2498 727 2548 inclu·
798 2507 808 2533 ¹
825 2497 978 2562 Capitolium]
994 2497 1148 2561 Cepitelium
1165 2505 1204 2549 ter
1215 2500 1289 2549 arsis·

202 2581 256 2618 sum
268 2571 398 2633 pomoeriis
409 2573 544 2635 septimum
562 2574 665 2635 collem,
676 2574 727 2636 pri·
767 2588 794 2623 se
805 2574 872 2636 apud
885 2573 1018 2623 historicos
1026 2573 1217 2622 observavimus
1228 2590 1235 2624 e
1248 2588 1288 2624 ae·

203 2660 271 2695 mum
282 2645 445 2695 celebravere
456 2648 663 2710 Septimontium.
766 2649 818 2698 mel
828 2647 950 2710 Scipione
967 2655 995 2696 et
1007 2647 1130 2697 Norbano
1141 2650 1287 2699 consulibus

235 2730 247 2756 ⁰
265 2723 334 2772 Istra
343 2723 475 2785 popularia]
496 2723 572 2772 Liber
583 2738 647 2772 nune
657 2723 727 2774 ieter.
768 2739 813 2786 per
825 2724 891 2773 bella
902 2724 951 2772 cir.
963 2723 1093 2784 Mariana,
1105 2725 1198 2774 iterum
1206 2725 1290 2774 Vitel-

203 2798 270 2848 Vide
283 2814 340 2862 quse
352 2799 438 2848 uotsrl
451 2799 513 2851 Ner.
522 2814 545 2849 c.
556 2804 596 2848 ll.
609 2807 635 2849 et
643 2800 726 2865 Calig.
766 2799 834 2848 liano
846 2798 921 2860 bello,
931 2797 1010 2847 tertio
1024 2811 1143 2846 unacum
1153 2798 1290 2860 Vespasia·

203 2890 262 2938 cap.
278 2877 319 2924 24.
351 2873 548 2924 Observandum
560 2887 622 2925 reru
633 2875 726 2940 obiter,
766 2875 791 2924 ul
813 2874 919 2924 interitu
942 2871 1124 2922 inflammatum
1146 2873 1289 2924 incensum·

202 2949 272 3016 quod
283 2957 311 3000 et
326 2949 477 2999 Senatorum
494 2949 551 2999 lues
571 2951 658 3000 cunels
676 2952 726 3001 dte·
766 2956 880 3014 quaest,
896 2955 923 2998 et
941 2954 1002 2997 tuuc
1020 2963 1035 2997 a
1050 2947 1197 2999 Domitiano
1208 2947 1290 3000 reiec-

110 3023 113 3031 '
203 3026 395 3090 tinguebantur.
430 3025 506 3077 Quod
526 3025 605 3076 etiam
623 3028 726 3076 exVir·
767 3033 820 3075 trun
846 3022 895 3074 luit
926 3023 1139 3086 magnificentius,
1166 3024 1291 3088 eleganti·

204 3102 264 3166 gilio
285 3101 491 3152 enimadrertsre
508 3109 557 3155 est.
579 3114 611 3151 ιι.
630 3101 726 3166 Georg.
767 3117 855 3168 usque,
883 3115 956 3166 qnam
982 3106 1059 3150 antea
1086 3098 1191 3161 fnissetr
1215 3101 1289 3164 enjus

203 3177 297 3227 ‘Hunc
318 3177 421 3241 plsuens
437 3175 549 3225 hiantem
566 3177 729 3227 Percussus
766 3179 906 3243 impensam
926 3175 1061 3225 duodecim
1085 3175 1163 3223 millia
1182 3175 1291 3225 talento·

203 3251 360 3318 (geminatur
371 3250 452 3313 enlm)
464 3251 597 3317 plebisque
616 3256 727 3318 patrum·
766 3268 821 3304 rum
832 3252 974 3303 excessisse
991 3257 1108 3301 autumat
1126 3250 1291 3301 Plutarchus.

204 3342 255 3393 que
265 3328 414 3392 Corripuit!
432 3327 542 3377 Torreat.
768 3331 879 3380 Berretd.
913 3329 1017 3378 Nostra
1027 3333 1137 3376 moneta
1149 3324 1218 3375 soret
1233 3326 1291 3376 brec

235 3412 249 3446 Ρ
266 3403 386 3468 Tesserae]
404 3403 503 3454 Quibus
521 3403 591 3452 varis
604 3403 730 3469 iuscripta
769 3419 866 3454 summa
873 3404 950 3467 juata
961 3401 1176 3465 computationem
1187 3415 1210 3451 c.
1225 3406 1251 3452 4.
1263 3401 1290 3452 lu

206 3487 280 3529 eraut
302 3479 416 3543 praemis,
438 3479 461 3528 ei
491 3477 558 3527 tradi
584 3478 668 3540 solita,
687 3479 728 3544 qui
768 3479 1014 3532 Jut.rsuuouuo.ttb.

206 3569 308 3620 spereas
319 3569 410 3619 repere
423 3561 535 3619 poterat.
552 3553 660 3618 lnAug.
670 3569 729 3621 cap.
799 3564 807 3589 ¹
824 3555 929 3619 Nouam]
947 3554 1146 3618 Quolocuapod
1158 3555 1291 3619 edituum,

205 3635 246 3684 41.
768 3634 801 3683 de
812 3647 861 3697 qno
873 3645 950 3696 supra
961 3646 984 3681 c.
1004 3634 1027 3681 l.
1043 3632 1189 3682 occultatus
1201 3629 1290 3682 lueret

237 3719 250 3753 ι
268 3708 358 3772 opera]
375 3707 414 3758 lle
425 3708 463 3756 lrts
474 3707 600 3757 Mertlslls
616 3709 693 3771 Eplg.
704 3713 728 3760 4.
766 3709 851 3760 Tacit.
871 3720 915 3758 ιιι.
934 3707 1033 3757 llistor.
1049 3705 1106 3756 ‘Ac
1123 3705 1239 3769 potiente
1250 3719 1290 3756 re·

205 3783 251 3839 llb.
264 3799 304 3838 rx.
320 3787 469 3838 ‘uasorum
482 3785 537 3848 Jsm
554 3785 667 3849 Superis,
679 3785 728 3836 Cs-
767 3801 823 3836 rum
835 3793 919 3849 patre,
931 3783 1040 3846 disjecto
1056 3782 1144 3831 editui
1154 3781 1292 3832 coutuber-

206 3875 258 3923 sse,
267 3863 384 3926 coloque
396 3861 498 3925 dedisti,
509 3861 535 3910 st
546 3867 658 3924 repetes,
669 3868 696 3910 st
707 3861 729 3910 sl
768 3863 821 3922 nio,
833 3860 958 3910 modicum
975 3858 1097 3906 sacellum
1111 3856 1172 3908 tovi
1188 3868 1293 3906 conser-

207 3937 319 3989 ereditor
329 3952 385 3987 esse
397 3937 458 3986 selis
468 3953 476 3998 ς
488 3935 600 3986 Grandis
613 3938 638 3985 in
650 3936 730 3986 setlre·
768 3937 849 3987 vatori
861 3947 982 3998 aramque
994 3933 1089 3995 posuit,
1097 3945 1223 3996 casusque
1234 3945 1292 3981 suus

207 4027 252 4063 reo
263 4013 325 4063 licet
340 4014 425 4062 auctio
441 4011 487 4064 fist
499 4011 619 4076 Olympo,
631 4013 728 4076 ceges-
768 4013 794 4062 in
816 4023 941 4059 marmora
962 4007 1110 4072 expressit:
1134 4019 1193 4056 mos
1210 4007 1291 4071 impe·

208 4087 604 4153 tnrqneDeisenderequicquid
615 4087 729 4152 bebent‚'
770 4087 836 4138 riom
853 4081 1032 4145 sdeptnstorl
1049 4080 1151 4130 custodi
1168 4083 1291 4145 ternplum

207 4165 256 4216 sec.
273 4163 316 4214 ubi
328 4161 437 4215 aedificis
446 4162 491 4214 ills
503 4169 635 4216 enumerat
644 4163 729 4228 po'e'ts.
770 4164 860 4225 ingens
871 4171 949 4224 seque
958 4157 982 4208 io
994 4157 1051 4207 sinu
1062 4155 1113 4207 Del
1124 4155 1253 4208 sacrarit!
