3056 4854
239 679 244 690 ’
289 689 653 792 FASTORUM
704 683 1319 783 PRAENESTINORUM

668 927 937 1015 RELiQUIAE

460 1138 718 1208 COLLECTAE
738 1139 800 1208 ΕΤ
821 1135 1136 1206 ILLUSTRATAE

789 1337 812 1383 Δ

381 1507 426 1582 Ρ.
488 1503 746 1581 FRANC.
814 1497 1213 1579 FOGGINIO.

501 1838 562 1918 ·[Ex
575 1837 694 1889 Editioue
706 1837 839 1894 Wolfinnn,
851 1837 922 1901 Lipe·
934 1837 1005 1885 1807.
1016 1833 1087 1897 firm]

253 2117 327 2190 Cure
344 2141 423 2190 remei
439 2139 472 2188 ed
489 2138 640 2190 Suetonium
658 2135 835 2188 iiiurtrendnm
853 2135 886 2186 ab
905 2136 1054 2187 Edituribue
1072 2141 1194 2201 congente
1213 2135 1248 2186 eit
1265 2133 1343 2200 eopie

251 2233 411 2270 nummorum
422 2226 449 2269 et
460 2219 672 2284 Inreriptiouum,
685 2218 727 2267 irie
735 2219 807 2268 iocor
819 2217 893 2266 oobir
905 2217 1043 2267 edmodum
1055 2215 1160 2268 irionem
1170 2216 1240 2266 viror
1252 2225 1303 2277 eet,
1314 2214 1340 2263 iu

254 2312 305 2362 quo
316 2297 461 2362 fragmento
472 2313 554 2362 nuper
564 2297 657 2348 eiioree
673 2296 808 2345 Futurum
829 2295 1051 2348 Proueotinorum
1070 2311 1102 2346 ex
1124 2296 1241 2361 Fogginii
1262 2296 1296 2343 V.
1309 2293 1341 2344 c.

251 2375 365 2426 editione
377 2383 561 2440 repeteremue‚
572 2384 597 2426 et
610 2377 647 2426 ite
658 2375 745 2424 Verrii
756 2376 852 2439 Fineei,
861 2376 935 2440 eujue
947 2377 1064 2428 notitiem
1075 2377 1214 2428 Suetoniue
1232 2375 1339 2426 exhibet

250 2455 284 2505 ‹ie
302 2457 338 2506 iii.
350 2456 507 2508 Gremmott.
524 2471 550 2508 e·
565 2460 605 2506 17.
621 2455 815 2506 intermortuam
832 2456 979 2506 memorium
997 2470 1184 2507 renoveremue.
1216 2455 1339 2506 Dicemue

250 2542 334 2588 eutem
345 2537 454 2601 primum
462 2537 495 2587 de
507 2537 655 2587 inventione
667 2537 872 2599 praetentireimi
881 2539 1047 2600 monumenti,
1058 2543 1111 2587 tum
1119 2535 1152 2587 de
1163 2551 1251 2600 opere,
1262 2549 1338 2600 quero

249 2631 274 2682 pu
284 2631 316 2667 eo
328 2617 482 2682 pubiieendo
494 2619 598 2682 egregie
616 2618 721 2668 neverit
735 2617 818 2668 Iteiue
836 2618 937 2673 Editor,
956 2620 1050 2682 purtim
1060 2619 1135 2683 hujue
1145 2617 1225 2681 ipriue
1244 2617 1340 2677 verbio,

252 2698 346 2762 pertint
358 2698 415 2747 Viri
426 2697 531 2754 eruditi,
542 2697 586 2762 qui
596 2711 728 2747 eenrurem
746 2697 805 2747 iibri
816 2698 869 2760 egit
881 2697 908 2748 in
918 2697 1041 2748 Bibrtom.
1057 2698 1115 2748 erit.
1134 2697 1217 2748 Amet.
1237 2697 1294 2746 Vol.
1306 2710 1337 2746 rr.

249 2779 283 2829 P.
294 2783 319 2828 8.
352 2777 486 2828 eudemus
495 2778 590 2829 deinde
601 2779 663 2843 iprie
676 2779 779 2840 tebeth,
790 2777 822 2828 ed
832 2779 946 2843 lepidum
957 2792 1071 2828 normem
1084 2778 1223 2842 diiigenter
1232 2791 1338 2841 expree·

249 2860 293 2922 eie,
305 2857 550 2910 Animedeereionee
561 2873 593 2909 ex
606 2859 724 2922 Poggiuii
736 2859 926 2908 commentariis
938 2858 1086 2923 decerptus,
1099 2859 1174 2908 iteut
1182 2873 1261 2924 prope
1272 2857 1337 2906 nibil

249 2940 285 2988 eit
296 2938 425 2999 ominum,
436 2938 504 3001 qrroti
517 2938 609 3002 operio,
629 2938 654 2987 in
666 2938 759 2986 noetrie
773 2937 920 3000 regionibur
937 2938 1048 3002 rarione,
1066 2937 1220 2989 deriderium
1232 2952 1338 2988 morere

238 3016 341 3083 poerit,
353 3023 449 3081 preter
461 3017 549 3066 Fertor
561 3017 717 3080 singulorum
730 3017 855 3066 mensium
867 3031 899 3066 ex
913 3017 1017 3083 reliquie
1026 3019 1150 3068 nectem
1161 3019 1268 3084 repertio
1280 3019 1337 3068 Kn-

248 3096 371 3148 lenderiie
380 3096 406 3145 in
419 3095 573 3159 Appendiee
585 3096 694 3162 quedem
706 3105 862 3160 expromam·

280 3175 473 3226 Nobitiroimnm
486 3177 696 3238 (tamaricum,
708 3191 784 3244 quem
796 3178 897 3242 integro
906 3177 1010 3228 nomine
1026 3179 1198 3243 Hieronymoe
1206 3179 1231 3229 in
1240 3179 1337 3230 utrem

247 3257 280 3308 ed
292 3272 315 3308 o.
326 3260 401 3306 2⁰24.
421 3258 481 3307 Cirr.
491 3261 516 3306 0.
529 3264 605 3307 voert
617 3258 655 3306 Μ.
671 3257 781 3308 Verrium
794 3259 910 3318 Finemre,
921 3273 953 3308 ex
971 3259 1098 3309 Suetonio
1112 3259 1269 3321 innotuerat,
1280 3269 1336 3310 rte·

246 3337 446 3388 tuenrhebuieee
462 3337 622 3402 ‘Prmneete,
639 3338 665 3387 in
683 3337 805 3388 inferiore
824 3339 885 3389 Furi
905 3346 981 3403 perte
999 3346 1090 3391 contre
1108 3340 1286 3406 hemicyclum,
1308 3341 1336 3390 in

246 3431 298 3484 quo
309 3417 399 3467 Fertur
411 3432 427 3467 n
437 3431 465 3466 ee
476 3417 608 3468 ordiuntur
619 3425 646 3468 et
659 3419 779 3469 mermori
790 3419 884 3470 inuium
894 3419 1058 3484 publicaret!
1079 3419 1116 3470 At
1128 3419 1228 3470 ietebet
1237 3426 1338 3482 etetne,

245 3497 364 3548 letebnut
381 3497 431 3561 ipoi
451 3499 531 3549 Festi.
566 3500 635 3550 Ecce
654 3513 724 3560 vero,
746 3506 913 3564 poeteeqnem
931 3501 1019 3550 Rome
1037 3500 1107 3550 inter
1124 3497 1216 3549 rudere
1238 3501 1339 3550 veterio

247 3579 306 3629 Furi
318 3584 428 3642 reperte
439 3587 514 3628 erent
525 3593 673 3630 memoret
686 3580 738 3630 iiie
747 3579 865 3644 Tebuie,
880 3595 937 3646 qum
955 3581 1045 3632 Fertor
1055 3580 1142 3630 oiriiee
1151 3580 1239 3644 popuii
1258 3581 1337 3630 Rom.

277 3789 290 3816 ⁸
305 3783 398 3848 Operir
419 3783 508 3834 titulun
526 3785 567 3834 hie
584 3791 641 3834 eet:
660 3783 766 3834 ‘Ferto-
807 3791 895 3834 ruente
916 3782 1009 3846 omnin,
1024 3797 1082 3848 que
1098 3787 1196 3844 extent,
1211 3793 1243 3831 eo
1259 3779 1339 3832 Futi

244 3860 368 3908 romenei
381 3860 488 3908 Romani
505 3874 520 3907 e
536 3861 646 3910 Verturo
659 3860 766 3908 Fucco
808 3859 915 3909 Romeui
926 3859 1083 3923 einguiornm
1095 3857 1219 3907 mentium
1229 3870 1262 3905 er
1274 3855 1339 3906 irne-

243 3933 417 3985 ordinetorum
427 3935 550 3999 reliquie,
568 3949 600 3985 er
616 3949 767 3985 murmure·-
807 3941 882 3985 tenue
893 3935 1004 3999 repertio
1013 3934 1175 3984 Kelenderiie
1183 3933 1339 3984 mormoreie

243 4022 298 4057 rum
310 4010 452 4059 tubulorum
464 4009 767 4072 iregnreutir,i’rreueete
806 4011 874 4061 iuter
884 4026 911 4061 ee
920 4011 1021 4061 eoiietie
1031 4010 1158 4073 expromi,
1169 4023 1231 4059 eure
1243 4017 1273 4059 et
1280 4017 1340 4060 etu-

243 4096 327 4145 nuper
338 4082 447 4146 effemir,
459 4086 606 4136 eolieetaeet
621 4086 765 4135 itluetretae.
806 4086 848 4133 dio
866 4085 898 4135 P.
911 4085 939 4135 1².
957 4083 995 4135 ΡΙ
1012 4085 1099 4135 Rome
1118 4099 1141 4132 e.
1158 4084 1205 4134 rel·
1223 4087 1300 4134 1779.
1320 4085 1342 4138 i'.

243 4157 468 4208 Acoedoutverrii
477 4161 562 4210 Flacci
570 4159 686 4223 Operum
696 4160 765 4223 treg-
806 4173 875 4210 mex.
