3104 4830
722 339 843 388 rrrus.
906 331 912 340 '
1251 325 1316 391 913

230 476 273 540 ad
288 479 605 561 extemporalitatem
622 501 728 564 usque
738 491 771 545 :⁷
793 482 853 545 sed
864 483 1056 556 ,nemuslcae
1069 480 1205 564 quidem¹
1212 481 1314 558 rudis,

228 587 267 642 ut
282 580 340 662 qui
360 586 504 644 cantaret
518 588 550 644 et
565 582 721 663 psalleret
740 582 890 665 jucunde
911 585 1128 667 scienterque.
1172 582 1201 645 E
1215 585 1316 664 pluri·

229 680 292 742 bus
308 683 467 762 comperi,
479 685 567 746 notis
577 682 609 720 Β*
624 703 756 765 quoque
770 686 929 766 excipere
942 685 1153 748 velocissime
1169 685 1314 762 solitum,

228 799 305 844 cum
327 784 604 846 amanuensibus¹¹
627 785 697 846 suis
718 803 777 868 per
798 785 914 848 ludum
925 775 1107 866 jocumque
1122 790 1312 863 certantem,

227 883 437 966 imitariqne⁹
459 883 706 965 chirographa,v
729 903 953 968 quaecumque
977 885 1128 962 vidisset,
1153 904 1192 950 ao
1221 905 1314 968 saepe

226 983 415 1064 profiteri‚¹⁰
451 987 509 1046 ‘se
553 984 735 1047 maximum
780 984 983 1049 falsarium'
1022 1004 1098 1050 esse
1142 987 1314 1069 potuisse!

227 1082 289 1163 [4.]
324 1081 494 1148 Tribunus
517 1085 675 1148 rnilitum¹
703 1092 736 1149 et
758 1086 791 1148 in
814 1085 996 1152 Germania
1026 1096 1060 1151 et
1083 1088 1116 1150 in
1140 1089 1313 1154 Britannia

226 1185 357 1262 meruit,
378 1204 507 1249 summa
530 1186 711 1265 industriae,
736 1207 795 1250 uec
824 1187 949 1251 minore
975 1189 1149 1254 modestiae
1180 1189 1311 1266 larna;¹

226 1285 314 1348 sicut
328 1295 468 1368 apparet
481 1293 514 1350 et
527 1295 709 1351 statuarum
725 1297 756 1352 et
779 1289 956 1368 imaginum
970 1296 983 1326 ²
1004 1291 1077 1372 ejus
1093 1290 1313 1362 multitudine,

226 1405 266 1449 ae
282 1388 387 1451 titulis
404 1407 463 1468 per
477 1395 646 1470 utramque
660 1387 877 1470 prouinciam.
923 1389 1005 1452 Post
1018 1389 1185 1472 stipendia
1198 1399 1207 1436 ³
1226 1391 1313 1454 Foro

227 1505 361 1568 operum
382 1487 481 1564 dedit,
496 1489 669 1552 honestam
692 1490 806 1570 magis,
820 1511 920 1572 quam
943 1491 1126 1556 assiduam.
1171 1491 1313 1556 Eodem·

227 1607 289 1669 que
308 1595 457 1670 tempore
478 1585 703 1653 Arricidiam4
719 1589 916 1669 Tertullam,
932 1599 1028 1673 patre
1048 1591 1170 1675 Equite
1187 1592 1312 1658 Roma-

590 1764 595 1776 .
679 1753 860 1776 neumuu

226 1863 289 1926 legit
301 1863 332 1915 ad
343 1865 427 1928 Spart.
441 1867 521 1916 liedr.
531 1882 588 1928 rap.
599 1873 639 1916 15.
649 1875 676 1918 et
687 1869 812 1918 Bernaoc.
821 1870 846 1918 in
859 1867 965 1918 lud-l
980 1867 1028 1920 Har
1037 1883 1113 1918 vocer
1124 1871 1155 1918 ad
1166 1875 1265 1932 entmp.
1274 1885 1313 1920 ur·

225 1943 268 1990 que
279 1944 328 1978 nou
340 1939 490 1992 comparent
501 1932 526 1980 iu
539 1933 635 1980 Medic.
650 1937 671 1980 1.
685 1931 743 1994 an.
758 1936 826 1982 liun.
838 1933 915 1981 Vind.
927 1937 949 1980 l.
961 1947 1044 1996 neque
1055 1934 1080 1981 in
1094 1933 1158 1982 Edd.
1169 1933 1229 1982 Sub.
1241 1935 1314 1983 Cald-

225 1999 253 2044 ct
269 1995 347 2042 ullitae
364 2003 424 2044 sunt
445 1997 551 2056 margini
570 2001 668 2044 rantum
682 1996 777 2045 Medic.
787 2001 811 2045 l.
845 1997 877 2046 ln
895 1998 973 2045 Fouc.
985 2011 1056 2058 unque
1068 1995 1100 2044 ab
1112 1998 1163 2046 ulia
1175 2010 1250 2044 runnu
1262 2005 1312 2060 ert,

225 2064 251 2103 et
263 2059 461 2122 ruprafingendu
473 2059 526 2106 dat.
560 2059 636 2108 linis.
648 2059 726 2112 habet
743 2061 791 2109 nu
806 2075 852 2122 pro
868 2065 994 2122 arura-8
1013 2060 1128 2108 Noctiinu
1148 2061 1229 2110 Perii.
1247 2076 1263 2108 ι
1280 2076 1313 2112 m.

225 2134 264 2181 pr.
277 2121 342 2171 Edu.
355 2124 428 2171 lioun
449 2123 523 2172 Melit
537 2123 623 2174 linrur.
636 2123 696 2172 notin
707 2138 810 2186 quaque.
846 2126 955 2172 Proceri
970 2139 1016 2172 orn.
1031 2125 1122 2172 crundel
1140 2125 1202 2187 Guj.
1216 2139 1313 2187 cernuae

224 2197 269 2234 ten
287 2189 311 2233 et
324 2201 383 2234 carn.
417 2186 447 2234 ln
465 2187 560 2236 Medic.
582 2193 604 2236 1.
621 2201 691 2250 cuper
709 2189 808 2237 lud-9
823 2188 866 2236 Sic
884 2189 989 2236 Mernnr.
1008 2187 1103 2237 Medio.
1115 2192 1138 2235 1.
1156 2192 1180 2236 2.
1198 2187 1275 2236 Vrud.
1289 2193 1312 2238 l.

224 2247 289 2296 Edd.
302 2249 373 2299 Rom.
383 2249 469 2299 Graev.
482 2251 569 2300 Burro.
582 2251 651 2300 Ond.
668 2254 717 2300 dcc.
743 2251 827 2312 Vulgo
846 2250 944 2300 inuitari.
978 2250 1008 2300 ln
1029 2252 1088 2314 an.
1102 2252 1176 2300 Voss.
1189 2261 1215 2301 et
1233 2266 1311 2313 marg.

224 2311 307 2360 Perit.
317 2321 433 2362 certamen
444 2315 593 2376 imitarique:
614 2316 689 2364 ioue.
703 2313 765 2390 Edit.
775 2316 841 2364 ven.
852 2316 921 2390 Med.
934 2329 973 2376 pr.
982 2319 1099 2364 certamen
1107 2315 1206 2364 ianitori.
1233 2315 1311 2364 Cete-

224 2377 663 2502 tirtnitlultti·
678 2377 991 2500 titillamur.
1005 2379 1312 2506 dllii'll'silifdl?

223 2503 405 2553 ainomehun.
418 2503 486 2554 Oud.
499 2505 560 2554 Eru.
572 2509 621 2554 &c
648 2457 691 2554 M.
710 2521 738 2554 nc
755 2507 818 2567 pros.
834 2521 903 2568 rape.
938 2506 1018 2553 Deest
1032 2521 1056 2554 se
1076 2507 1100 2553 io
1123 2507 1227 2555 Mernru.
1245 2507 1312 2556 Dnn.

223 2566 301 2631 Yiud.
314 2572 335 2615 l.
344 2575 371 2616 et
383 2569 448 2617 Edd.
460 2584 520 2616 susc.
539 2583 584 2618 xv.
596 2571 660 2616 Bon.
695 2567 726 2616 lu
737 2569 812 2617 Voss.
824 2584 851 2617 oc
861 2583 887 2618 re
896 2568 958 2630 prof.
969 2585 1001 2616 m.
1017 2569 1164 2617 ‘Excidirse
1177 2571 1312 2620 ridetnrre

224 2639 283 2692 post
294 2647 352 2686 erre,
366 2632 451 2693 ibique
463 2632 614 2680 locandum:
633 2633 652 2680 ri
672 2639 758 2680 tamen
771 2641 810 2680 est
827 2631 1017 2680 necessarium!
1036 2633 1145 2681 Oua-1
1163 2633 1205 2690 lla
1222 2633 1310 2682 edide-

224 2703 284 2742 runt
296 2696 405 2744 Cmauir.
424 2695 521 2744 Scirild.
537 2697 595 2742 liro.
612 2695 681 2742 (ind.
694 2701 720 2742 el
732 2709 804 2758 seqq.
817 2703 949 2756 preeunte
958 2696 1030 2742 Torr.
1048 2695 1072 2742 ln
1087 2695 1161 2744 Norlu
1173 2711 1205 2744 en
1218 2694 1308 2758 fragm.

222 2757 284 2806 Vel.
293 2757 357 2805 Cod.
368 2756 495 2806 faventin.
508 2758 590 2806 Periu.
602 2757 669 2806 Edd.
682 2758 752 2806 Rom.
772 2759 837 2806 Bon.
854 2772 949 2806 summa
970 2759 1104 2821 industrie,
1120 2774 1144 2806 n.
1154 2774 1187 2808 ηε.
1197 2760 1310 2808 modestia

221 2826 246 2868 et
257 2820 327 2880 suma
339 2821 445 2870 Menum.
465 2821 559 2870 Medic.
584 2827 604 2870 l.
621 2826 645 2870 11.
663 2823 729 2884 cop.
751 2821 825 2869 Von.
845 2822 893 2871 Ed.
906 2823 970 2869 Vcn.
982 2825 1005 2868 1.
1039 2821 1070 2870 ln
1085 2824 1179 2871 ceteris
1202 2823 1265 2871 Mas.
1283 2831 1311 2872 rt

223 2881 290 2934 Edd.
305 2899 395 2934 summa
412 2885 541 2942 industria,
556 2900 582 2934 rr.
602 2900 634 2934 nr.
652 2885 765 2934 audentia
775 2885 876 2945 rifi-2
893 2885 936 2934 Sic
948 2885 1044 2934 Medic.
1058 2888 1081 2933 2.
1102 2888 1170 2934 Dun.
1180 2887 1239 2946 Cuj.
1252 2902 1311 2936 rum

224 2947 290 2997 Edd.
302 2948 391 3012 Sreplr.
409 2949 489 2998 Scriu.
509 2949 598 2998 Burni.
613 2948 682 2997 Oud.
703 2949 764 2997 sin.
780 2958 806 2998 et
829 2957 938 2998 recenti.
955 2955 1051 3010 apparet
1070 2955 1127 2998 rtat.
1138 2955 1162 3000 et
1173 2949 1313 3012 imponi.

222 3011 294 3062 Torr.
307 3012 404 3062 Medic.
414 3018 437 3062 l.
450 3017 472 3063 ³.
484 3013 562 3062 Polli.
576 3012 653 3060 Vind.
662 3017 687 3062 2.
698 3012 770 3061 Cart.
781 3013 847 3076 Cup.
862 3012 1150 3062 nidernmunster.
1163 3015 1196 3062 al.
1213 3029 1243 3062 ex
1252 3019 1310 3066 utut.

223 3080 253 3123 et.
264 3075 304 3124 im.
329 3075 540 3142 variantesque,
552 3077 629 3124 Vind.
642 3079 664 3123 l.
678 3075 725 3124 Ed.
742 3077 808 3124 Rau.
821 3081 929 3125 euolat
941 3076 981 3123 im.
995 3075 1106 3126 EdJrc.
1115 3078 1196 3127 Gron.
1218 3085 1241 3126 et
1252 3085 1311 3128 stat.

223 3137 341 3200 ignorant
349 3140 415 3190 Edd.
428 3141 501 3188 Rom.
511 3141 576 3188 Ven.
587 3145 610 3190 l.
621 3139 632 3202 (
653 3154 692 3186 nae
701 3147 728 3188 el
737 3139 920 3203 rmrltitudinem)
929 3141 1014 3188 Perir.
1024 3147 1158 3202 apparatae
1165 3142 1237 3202 iring.
1245 3145 1312 3190 nuit·

224 3203 288 3251 Veu.
311 3207 335 3252 2.
358 3206 382 3252 8.
402 3203 475 3254 Juut.
500 3204 580 3265 bugd.
604 3157 662 3252 nid.
685 3203 763 3251 Basti.
786 3203 850 3265 Arg.
872 3202 971 3278 Gryplr.
1003 3203 1091 3252 Dolet.
1118 3205 1199 3254 Colin.
1223 3205 1309 3256 Plant.

221 3269 278 3316 utut.
299 3267 346 3326 ejus
367 3273 391 3316 rt
409 3267 451 3315 im.
469 3268 597 3316 Pone-8
625 3267 689 3328 Cup.
710 3267 761 3328 plur
781 3267 837 3329 stip.
870 3267 938 3314 Dein
961 3281 986 3314 eo
1014 3267 1111 3328 deniqu
1132 3273 1202 3329 temp.
1229 3267 1310 3320 vinu.

223 3333 247 3379 l.
260 3332 379 3379 Corn-d
399 3331 547 3380 Adretidinm
563 3329 835 3378 Mamertinorum
853 3329 950 3377 Medic.
971 3333 994 3376 1.
1011 3333 1035 3379 8.
1054 3331 1117 3390 Con.
1133 3329 1223 3378 Barth.
1248 3333 1309 3380 Are·

221 3395 307 3442 cidianu
329 3395 406 3444 lione.
427 3395 502 3444 Cori.
529 3392 798 3442 laniationem
819 3393 895 3440 Vuis.
921 3391 1015 3439 Aricia
1037 3392 1114 3441 Vlnrl.
1138 3398 1161 3442 l.
1181 3397 1206 3442 2.
1229 3393 1310 3442 Perit.

223 3457 289 3506 Edd.
307 3459 397 3519 Cump.
415 3457 483 3506 ven.
502 3462 524 3506 1.
547 3457 674 3504 Adrerirm
697 3456 755 3503 Pal.
781 3458 805 3502 l.
828 3458 852 3503 1.
882 3455 951 3502 'l'rrrrr
972 3455 1098 3504 Tertullum
1120 3456 1183 3506 dant
1206 3457 1312 3506 Mearm.

223 3520 318 3570 Medio.
328 3525 351 3570 1.
361 3524 385 3570 Β.
401 3521 478 3570 Vind.
489 3526 514 3570 2.
531 3522 608 3569 Fone.
618 3521 689 3568 Cart.
703 3520 766 3580 Cop.
781 3517 835 3565 Pal.
848 3523 869 3567 1.
878 3522 902 3567 2.
919 3516 970 3570 duo
981 3519 1055 3566 Torr.
1067 3521 1124 3579 ipso
1136 3521 1269 3584 probante.
1281 3530 1309 3570 et

225 3583 291 3636 Edd.
304 3583 415 3634 eunuc.
425 3587 500 3636 Grut.
513 3585 595 3634 (iron.
609 3582 677 3632 Ond.
689 3583 751 3630 liro.
764 3581 825 3646 Bip.
835 3585 884 3631 &c
919 3581 949 3632 lu
962 3583 1067 3646 reliquis
1081 3584 1186 3634 Tertullo
1199 3587 1237 3634 vel
1251 3585 1308 3634 Ter·

711 3744 819 3794 NOTAE

227 3873 230 3880 ·
253 3841 362 3904 ιΝοίίι]
381 3840 728 3903 ὓοὴὶι]ιπι1υ(1ι11).ε.1.
785 3841 1014 3903 arimaspem.

252 3915 590 3979 “Amnuanturiservis
619 3931 633 3963 ι
660 3929 744 3978 maun,
791 3925 833 3950 ι’
850 3913 1308 3978 Falarirmweialrariirinclnud·

221 3992 310 4054 quales
331 3991 439 4040 dicimur
467 3989 611 4039 Scorduirer
634 3989 744 4040 Gallice.
784 3993 996 4039 clanculum.

221 4066 252 4115 ln
261 4065 314 4116 Jul.
325 4080 349 4114 c.
360 4070 400 4115 14.
412 4067 437 4113 in
451 4066 512 4114 Ner.
526 4079 549 4112 a.
558 4069 600 4113 lt.
815 4070 829 4096 ¹
846 4063 962 4112 ‘il-itm
982 4061 1096 4125 aditam]
1115 4064 1156 4114 De
1178 4063 1232 4128 ejur
1252 4079 1309 4115 mu·

254 4149 265 4174 v
283 4141 455 4204 coempta]
472 4139 502 4189 lu
513 4139 567 4190 Jul.
576 4155 600 4190 c.
614 4143 653 4189 11.
666 4144 694 4188 et
703 4142 744 4191 11.
783 4153 845 4188 uere
857 4141 881 4187 lu
893 4139 945 4192 Jul.
957 4153 979 4188 c.
988 4145 1011 4189 6.
