3090 4824
713 333 823 380 orno.
1241 319 1308 386 857

223 485 339 559 raptus
354 475 395 540 de
416 472 562 557 publico,
579 479 611 536 et
626 473 801 554 suscipere
826 473 997 557 imperium
1012 475 1046 539 ri
1061 485 1214 556 coactus,
1231 500 1305 562 ges-

222 585 378 660 turusque
400 576 565 640 communi
587 576 732 638 omnium
756 577 905 654 arbitrio,
928 577 1091 642 Palatium
1114 581 1206 661 petit.
1250 581 1303 646 Ao

221 697 322 760 super
336 685 463 764 ceteras
480 674 715 757 gratulantium
740 676 1031 761 adulantiumque¹
1056 679 1243 760 blanditias,
1258 685 1302 748 ab

219 779 328 842 infima
344 779 443 860 plebe
458 775 649 859 appellatus
663 789 774 853 nuno,
786 779 933 842 nullum¹
948 780 1106 844 iudicium
1121 785 1301 849 recusantis

220 880 332 944 dedit:
354 882 467 953 immo,
483 885 521 940 nt
535 876 667 958 quidam
690 879 903 956 tradiderunt,
919 881 1018 944 etiam
1042 880 1302 964 diplomatibus³

206 981 400 1064 primisque
414 976 563 1059 epistolis
578 977 648 1040 suis
671 979 713 1042 ad
737 978 901 1060 quosdam
921 983 1166 1063 provinciarum
1184 988 1301 1068 praesi-

217 1083 286 1158 des,
312 1079 459 1144 Neronis
479 1095 656 1159 cognomen
683 1077 833 1161 adjecit.²
876 1079 971 1145 Certe
997 1087 1030 1146 et
1049 1083 1211 1164 imagines
1235 1093 1300 1150 sta·

216 1189 361 1264 tuasque
386 1179 460 1263 ejus
486 1179 601 1261 reponi
626 1196 752 1260 passus
775 1185 839 1257 est,
864 1187 898 1244 et
922 1189 1173 1263 procuratores¹
1199 1191 1301 1268 atque

214 1284 352 1347 libertos
366 1282 409 1346 ud
425 1279 542 1344 eadem
555 1277 666 1344 officia
676 1282 854 1346 revocavit.
898 1281 995 1348 Neu³
1019 1285 1197 1368 quicquam
1209 1287 1300 1369 prius

214 1405 275 1468 pro
291 1391 457 1466 potestate
471 1381 695 1465 subscripsit:
713 1386 814 1465 qnam
830 1384 1037 1466 quingenties
1052 1388 1239 1452 sestertium
1256 1389 1299 1452 ad

214 1483 431 1568 peragendam
448 1481 591 1547 Auream
607 1481 769 1546 domum.b
811 1485 943 1550 Dicitur
958 1505 1000 1549 ea
1021 1493 1118 1551 nocte
1133 1508 1190 1571 per
1204 1489 1299 1572 quie·

215 1595 308 1652 tem*
330 1585 526 1670 pavefactus
540 1585 681 1667 gemitus
703 1586 871 1650 maximos
893 1586 1058 1651 edidisse:
1081 1598 1298 1673 repertusque

215 1687 518 1754 aconcnrsantibus
530 1685 621 1749 humi
639 1691 713 1750 ante
736 1687 857 1750 lectum
881 1687 1007 1771 jacens,
1021 1707 1081 1771 per
1102 1691 1209 1754 omnia
1226 1691 1297 1774 pia·

215 1792 359 1855 culorum
375 1808 496 1870 genera
519 1805 632 1850 manes
647 1785 781 1864 Galum,
797 1807 818 1851 a
833 1807 901 1870 qno
920 1787 1085 1852 deturbari
1109 1787 1298 1874 expellique

215 1913 252 1956 se
267 1891 405 1965 viderat,
421 1888 598 1972 propitiare
620 1893 789 1953 tentasse:
812 1889 972 1972 postridie
994 1909 1124 1974 quoque
1144 1891 1177 1953 in
1194 1911 1298 1974 augn-

213 1994 316 2058 raudo
329 1999 529 2075 tempestate
545 1995 618 2055 orta
639 1990 784 2072 graviter
808 1991 1029 2074 prolapsum,⁵
1049 1991 1226 2058 identidem
1240 1993 1299 2059 ob·

212 2113 430 2160 murmurasse
439 2115 447 2159 ἶ

493 2176 527 2241 Τι’
537 2177 595 2264 γάρ
603 2186 674 2260 μοιο
689 2175 738 2240 καὶ
751 2181 869 2263 μακροῖς
883 2181 977 2252 αὐλοῖς
988 2179 1019 2260 3⁶

211 2396 271 2457 Bip.
294 2393 367 2456 Couj.
380 2393 467 2442 Burm.
482 2394 631 2456 expositoque
646 2393 711 2442 breui
727 2393 841 2453 mutium,
857 2390 927 2442 Oud.
945 2394 1108 2456 propositoque
1122 2395 1187 2445 mesi
1197 2397 1296 2456 ratione,

210 2461 251 2510 vel
269 2463 420 2522 permutante
440 2457 504 2506 dreni
521 2458 633 2518 erutione,
642 2457 738 2507 Waltlr.
757 2457 821 2507 Oba.
842 2471 867 2518 p.
877 2460 918 2506 29.
936 2457 1054 2520 potitoque
1070 2459 1134 2508 dreni
1144 2465 1205 2510 mr.
1223 2463 1296 2512 Miill.

206 2529 326 2588 postem
345 2523 435 2571 mmm
450 2521 589 2583 orationem,
605 2536 629 2568 ι.
647 2526 700 2583 post
715 2520 796 2569 dedita
815 2521 877 2568 meai
897 2521 1008 2570 oratione·
1039 2521 1091 2570 Sed
1115 2524 1207 2574 ratione
1223 2534 1294 2576 toen-

210 2599 252 2638 tur
275 2589 338 2636 ldss.
358 2586 436 2636 Torr.
463 2584 587 2634 Corssnd.
613 2585 685 2633 Duu.
708 2592 734 2631 et
761 2581 878 2634 defendit
901 2581 978 2631 weit.
1001 2584 1041 2633 rel
1065 2587 1186 2647 proposita
1209 2588 1294 2650 legere

209 2653 280 2702 malit
296 2665 353 2700 enm
371 2649 488 2697 ono-r
506 2647 579 2696 Aust.
599 2648 687 2708 [retal.
709 2647 783 2696 Viud.
801 2651 827 2696 2.
858 2647 922 2695 'l'nm
944 2646 1040 2695 tantan
1059 2663 1134 2697 renus.
1153 2651 1250 2702 Medic.
1270 2659 1295 2704 2.

201 2715 321 2776 judicium
346 2712 424 2762 vind.
445 2715 470 2761 1.
495 2711 544 2760 Ed.
565 2711 656 2773 Cemp.
678 2709 704 2759 iu
745 2725 775 2758 ιιι
795 2711 872 2759 etiam
892 2710 1045 2760 dederat-2
1067 2711 1160 2772 Adjicit
1179 2713 1294 2768 Heriem.

206 2777 342 2842 regnorum
355 2777 421 2826 Ven.
434 2779 456 2824 1.
481 2775 563 2823 Paulo
583 2781 643 2824 aute
659 2775 710 2824 ιιιίι
726 2727 800 2824 leem
819 2775 884 2837 Cup.
904 2787 952 2823 nee
970 2772 1105 2824 admodum
1123 2781 1293 2830 necessarium

208 2851 282 2905 putat
301 2843 390 2890 Burni.
424 2837 495 2888 Dein
516 2844 539 2888 et
561 2845 621 2888 ente
637 2839 710 2900 imag.
728 2853 776 2888 non
794 2838 870 2887 hebet
887 2839 1000 2900 Cep-n
1017 2837 1057 2888 Ne
1077 2855 1115 2902 qu.
1136 2841 1250 2891 Heriem.
1266 2855 1294 2897 st

207 2908 274 2957 Edd.
295 2919 355 2954 sne.
379 2917 424 2952 xr.
442 2909 538 2967 preter
555 2903 629 2951 Rom.
645 2917 698 2951 sec.
732 2904 795 2952 Mox
805 2902 914 2952 materie
931 2901 998 2952 Edd.
1015 2903 1074 2951 Bm.
1091 2903 1191 2968 Gryph.
1208 2907 1293 2961 ΡιιΙιιι.

205 2972 277 3021 Τοιι.
286 2970 443 3033 perandum
453 2968 524 3017 Cart·
534 2966 601 3016 Edd.
613 2967 734 3017 lionae-⁴
751 2968 802 3016 Per
812 2981 864 3030 qun
873 2968 946 3016 etium
958 2981 1014 3029 pon.
1027 2967 1086 3030 Cuj.
1119 2969 1185 3018 Dein
1197 2987 1291 3024 mser.

206 3037 309 3085 entitas
319 3031 416 3082 Medic.
430 3036 454 3081 1.
466 3034 490 3079 ³.
507 3031 584 3080 Petit.
602 3029 676 3080 Huls.
693 3031 814 3092 ociorem
830 3031 896 3080 Edd.
912 3031 978 3080 Bon.
994 3029 1066 3078 Med.
1083 3031 1164 3096 Lngd.
1181 3035 1290 3088 Pan-u

207 3101 332 3164 Prsiupsar
347 3104 401 3161 opt.
420 3097 491 3144 Torr.
501 3096 575 3146 Voss.
593 3094 663 3144 Dnn.
674 3095 742 3160 qnod
760 3094 878 3144 defendit
897 3093 969 3144 Deir.
981 3094 1013 3144 ad
1027 3095 1094 3144 ntor.
1111 3098 1128 3146 Ι.
1139 3111 1171 3147 ιι.
1184 3114 1207 3150 e.
1217 3106 1291 3154 d.-o

690 3251 800 3304 NOTE

206 3353 299 3416 ensi‚in
311 3367 360 3417 quo
369 3353 482 3402 mutinae.
503 3351 616 3416 Simplex
628 3351 669 3400 lrie
681 3363 727 3413 pro
797 3349 1006 3414 inspumate]
1019 3351 1077 3400 line
1087 3358 1138 3414 ert,
1146 3350 1287 3401 mendatis:

205 3429 356 3492 composito,
367 3426 485 3491 ‘posits'
496 3441 542 3490 pro
558 3423 710 3489 ‘exposita’
766 3427 792 3476 in
805 3427 869 3476 Ner.
881 3426 913 3474 ad
924 3441 983 3490 esp.
995 3430 1034 3474 ia.
1046 3429 1095 3475 &e-

237 3509 250 3534 Ι
267 3501 374 3565 Nullum]
392 3503 469 3551 Furta
489 3500 555 3565 quod
573 3501 641 3562 apud
664 3513 726 3549 oon·
796 3508 806 3534 ¹
825 3501 1004 3565 Procuratores]
1032 3501 1083 3552 Qui
1097 3502 1202 3566 resejur
1214 3518 1287 3554 curn·

204 3577 287 3627 nullus
308 3578 432 3628 Romanos
452 3575 591 3626 favorabile
613 3575 724 3626 Neronis
764 3576 835 3626 baut.
868 3577 907 3626 De
926 3575 1018 3640 quibus
1034 3577 1059 3625 in
1076 3577 1166 3628 Claud.
1181 3577 1213 3629 ad
1230 3593 1288 3643 esp.

202 3671 295 3707 nomen
307 3665 417 3720 emetat
425 3655 504 3706 t‘uisse
514 3663 615 3706 constet
624 3671 656 3706 ιιι
665 3671 723 3720 usp.
764 3655 804 3704 lu.

202 3737 243 3782 57.
262 3733 288 3781 iu
311 3731 373 3784 Ner.
392 3747 455 3798 qous
476 3733 543 3782 inter
560 3731 723 3781 annumerari
794 3730 977 3796 *SudmripritJ
994 3731 1034 3780 Ad
1048 3733 1197 3782 solvendum
1208 3733 1287 3796 scrip·

202 3811 316 3874 potuerit
327 3809 417 3858 ‘miles
427 3807 538 3858 urbanus
549 3808 625 3870 lango
637 3809 722 3857 Cress-
765 3807 807 3857 sit.
840 3807 907 3857 Vide
928 3807 953 3855 in
965 3807 1026 3856 Tib.
1037 3807 1069 3856 ud
1085 3821 1142 3871 cap.
1151 3811 1191 3856 tt·
1206 3807 1287 3857 Quin-

202 3901 257 3935 rum
269 3893 425 3935 sacramento
435 3883 557 3946 imbutus,
574 3890 601 3932 et
612 3883 644 3931 sd
656 3885 721 3934 oeci·
763 3883 873 3944 senties,
885 3883 932 3931 hoe
941 3889 991 3944 est,
1000 3889 1087 3930 nostro
1096 3884 1286 3943 rumaldum).

201 3963 312 4012 dendum
326 3963 454 4014 Neronem
470 3969 525 4010 ιιιι
543 3959 624 4023 magis
639 3967 667 4008 et
677 3960 721 4007 im·
763 3957 808 4008 lib.

201 4039 285 4101 palma
296 4052 371 4101 quem
382 4036 486 4100 proprio
503 4037 606 4100 ingenio
618 4034 721 4086 tradun-
793 4033 805 4066 '³
821 4031 924 4082 Aureum
935 4029 1040 4093 domam]
1059 4031 1101 4078 De
1113 4045 1163 4096 que
1175 4031 1245 4095 plur·
1258 4033 1283 4088 iu

201 4112 263 4175 tm,’
274 4120 302 4162 ut
314 4113 350 4163 sit
360 4112 472 4162 Tacitus.
763 4111 827 4167 Ner.
839 4123 896 4174 sap.
908 4112 947 4159 tl.
959 4110 1007 4159 dre.
