3104 4830
284 333 349 399 970
709 349 741 397 u.
763 346 941 396 sunrourr

285 494 389 557 inerut
402 495 436 554 et
448 491 557 574 ipsius
570 493 691 572 imago.
736 489 935 554 Celebrnbot
948 493 981 553 ei
995 487 1030 552 in
1044 486 1176 552 Albano
1190 490 1367 570 quotannis

285 590 529 676 Quinquatriah
552 589 735 666 Minervae,i
757 585 810 655 cui
827 590 1002 673 collegium
1015 590 1224 665 instituerat‚⁵
1245 607 1288 651 ex
1304 609 1370 670 qno

285 704 375 760 sorte
390 694 481 757 ducti
495 683 705 775 magisterio*
729 693 949 774 iungerentur,
969 688 1191 773 ederentque⁶
1226 689 1369 754 eximias

284 796 496 860 uenationes⁷
519 802 553 858 ei
573 796 725 858 scenicos
740 793 847 870 ludos,
863 799 1029 877 superque
1039 801 1216 870 oratorum
1230 811 1270 855 ac
1286 790 1369 872 po'e·

284 903 388 960 terum
409 897 599 960 certamine.
643 894 855 978 Congiarium
882 895 1011 979 popnlo
1037 912 1239 957 nummorum
1262 898 1369 957 trece-

284 1015 399 1058 norum
409 991 437 1032 ⁸¹
462 1001 510 1060 ter
519 996 613 1058 dedit
626 1016 634 1059 :
657 1001 756 1077 atque
770 995 851 1057 inter
862 995 1057 1076 spectaculo
1067 994 1208 1057 muneris
1219 1001 1239 1028 ‘⁰
1254 992 1368 1075 lurgis-

283 1097 402 1159 simum
423 1096 583 1179 epulum.9
627 1095 895 1180 Septimontinii¹²
916 1115 1011 1160 sacro
1034 1095 1180 1179 quidem,
1193 1094 1368 1160 Senatni¹⁰

740 1307 900 1328 eunucus
903 1307 916 1326 θ

283 1457 325 1517 ipo.
339 1457 501 1506 &tebni-⁵
520 1455 585 1506 Edd.
597 1455 693 1506 Sririid.
704 1457 866 1511 constitueret,
878 1454 992 1504 Heriem.
1004 1455 1134 1504 institerat.
1165 1455 1257 1504 Statim
1268 1455 1336 1514 sorte
1344 1457 1367 1503 d.
1419 1475 1427 1494 ι

285 1521 413 1570 Fene—d
431 1520 579 1584 Acqrriescit
598 1521 705 1584 Beumg.
720 1521 745 1568 in
757 1521 805 1570 iric
821 1521 999 1568 emendatione
1010 1520 1083 1583 Torr.
1095 1519 1205 1570 Censuit.
1217 1519 1286 1568 Dok.
1299 1520 1368 1582 Lips.

285 1579 353 1634 Onu.
365 1586 427 1634 Ero.
439 1592 466 1632 nt
477 1585 572 1634 Sohiid.
583 1585 676 1646 otiique
683 1584 738 1647 jem
750 1584 863 1634 edidere.
889 1583 995 1633 Habent
1006 1585 1170 1646 redderentque
1180 1597 1267 1632 onrnnr
1277 1584 1368 1645 scripti

283 1655 311 1708 et
323 1649 389 1698 Edd.
399 1649 471 1698 Vetr.
483 1657 511 1698 et
523 1657 628 1700 tuentur
638 1649 718 1699 tiron.
728 1648 814 1698 (ἔτην.
826 1649 963 1698 Burm.-i
983 1647 1147 1697 Venemtiorres
1158 1648 1273 1698 Hortens-
1285 1647 1368 1697 Perii.

284 1712 351 1762 Edd.
363 1713 435 1760 Rom.
446 1715 513 1762 Ven.
541 1713 776 1778 Postoernperqrroe
787 1714 878 1774 Cemp.
890 1719 916 1760 et
928 1711 1064 1773 congiarium
1082 1711 1186 1774 Cui—8
1205 1712 1248 1761 lte
1265 1712 1370 1760 Memor.

284 1773 353 1825 Bon.
364 1776 460 1825 Medio.
470 1779 494 1824 2.
506 1781 530 1825 u.
542 1777 619 1825 Vind.
632 1781 654 1827 l.
667 1792 697 1826 ne
709 1777 825 1826 nreiiores
836 1776 898 1824 iibb.
908 1777 980 1824 Torr.
992 1776 1054 1824 item
1070 1775 1136 1824 Edd.
1148 1775 1258 1826 Creoni).
1271 1775 1367 1824 Sciriid.

283 1840 346 1888 Ern.
359 1840 428 1890 Oud.
441 1841 501 1904 Bip.
513 1841 630 1904 nitroque.
663 1841 739 1898 Vuiq.
750 1845 912 1890 trecentorum.
938 1841 1017 1888 Foue.
1027 1845 1153 1890 trecentum
1161 1842 1258 1888 dot-9
1275 1840 1368 1902 Epope·

284 1906 332 1952 ium
343 1905 448 1954 Merum.
482 1905 564 1967 Supra
574 1906 598 1954 io
608 1911 681 1969 spect.
693 1905 789 1954 Medio.
801 1909 889 1955 1.—1o
906 1904 990 1967 Vuiqo
1008 1903 1074 1966 Sept.
1088 1918 1207 1952 oneramur
1222 1904 1312 1966 quidem
1322 1904 1369 1961 die,

277 1967 328 2020 ,sed
338 1970 376 2018 die
387 1969 458 2017 obest
470 1969 501 2017 ab
513 1969 546 2019 0.
560 1969 621 2018 Mes.
633 1979 658 2018 et
673 1970 738 2017 Edd.
749 1970 810 2020 Seii.
823 1968 928 2030 priorib.
940 1969 998 2018 ideo
1007 1969 1080 2016 Torr.
1091 1981 1147 2017 curn
1159 1981 1230 2031 seqq.
1242 1968 1330 2031 ejecit,
1341 1975 1369 2018 et

282 2046 348 2082 sucro
360 2047 393 2082 ex
405 2047 454 2081 uno
466 2033 516 2081 Me.
529 2034 649 2093 reposuit.
666 2033 735 2096 quod
744 2033 855 2083 Conui).
863 2032 960 2081 Sciniid.
971 2040 999 2082 et
1010 2039 1119 2082 recentt.
1130 2033 1155 2080 in
1167 2039 1315 2081 contextum
1326 2031 1370 2079 nd·

282 2097 415 2160 miserunt.
440 2095 514 2158 Conj.
535 2098 613 2146 etiarn
631 2097 699 2145 idem
718 2097 791 2145 Torr.
809 2097 923 2158 quosdam
940 2111 987 2160 pro
1004 2097 1105 2158 quidem,
1120 2096 1187 2145 haud
1208 2096 1368 2158 improbente

282 2159 355 2208 Duk.
379 2161 408 2208 in
422 2160 489 2208 Dun.
503 2161 578 2210 Vind.
592 2165 615 2208 1.
626 2159 813 2222 Septimontiali
822 2174 948 2215 serrorum,
964 2160 1042 2208 Poiit.
1054 2159 1081 2208 S.
1092 2175 1157 2209 sacro
1166 2161 1258 2209 oenotri
1268 2161 1367 2224 quiden.

283 2216 410 2272 Restituit
421 2223 534 2272 Turueb.
545 2223 610 2272 Adv.
621 2238 647 2274 v.
658 2229 697 2273 ro.
705 2224 772 2287 Sept.
783 2225 821 2273 dir
832 2223 931 2273 Senatui
939 2229 961 2272 et
972 2224 1054 2288 Equiti
1063 2225 1172 2288 penurie,
1179 2224 1241 2286 picti
1251 2225 1369 2287 sporteiior

283 2300 304 2334 c.
313 2302 334 2334 o.
346 2287 477 2343 distribuit,
494 2283 554 2337 Ern.
565 2287 631 2350 Sept.
641 2303 716 2350 onero,
724 2289 800 2351 primo
812 2289 904 2350 quidem
912 2290 962 2349 die,
969 2288 1024 2339 Seu.
1041 2287 1109 2336 0ud.
1121 2287 1188 2350 Sept.
1197 2303 1273 2341 suero,
1282 2289 1368 2350 priuno-

283 2365 327 2410 qur
338 2352 386 2412 die,
404 2352 462 2414 an.
475 2351 542 2414 Sept.
555 2354 647 2414 quidem
655 2366 728 2407 uero,
740 2352 798 2401 See.
809 2352 867 2404 iro.
879 2353 960 2402 Gron.
972 2354 1063 2415 quum
1074 2351 1141 2416 Sept.
1152 2367 1234 2410 nou,-
1254 2367 1304 2400 ernrr
1317 2352 1369 2414 qni·

282 2414 334 2462 dem
345 2415 402 2465 Seu.
426 2416 565 2465 ‘Ceterum
586 2418 678 2478 quidem
698 2417 809 2480 positum
828 2417 911 2466 melion
930 2424 990 2480 post
1007 2417 1116 2480 Senatui,
1132 2423 1162 2466 ut
1179 2417 1305 2480 exprimet
1321 2416 1367 2466 (ir.

771 2561 878 2614 Nom

313 2659 325 2693 '¹
343 2659 511 2723 Quinquatria]
530 2661 570 2709 De
582 2659 630 2711 hoo
641 2660 666 2710 in
683 2659 805 2710 honorem
846 2667 873 2710 et
885 2674 937 2710 nne
947 2667 1025 2726 etque
1036 2662 1118 2710 attere
1130 2673 1200 2724 repe
1210 2659 1286 2710 iiten
1295 2665 1367 2710 nntr-

282 2735 407 2786 Minerrrs
419 2735 493 2792 testo.
503 2737 687 2799 supradictum
699 2744 747 2786 est.
846 2734 945 2786 buntur.
981 2736 1161 2785 verrentem
1173 2735 1216 2784 tib.
1229 2749 1255 2784 v.
1267 2735 1300 2786 de
1308 2736 1368 2784 Lin-

311 2813 319 2846 ¹
337 2812 468 2874 Minerooe]
484 2813 566 2875 Cujus
577 2811 645 2861 fitius
656 2811 707 2862 dici
719 2818 747 2860 et
762 2812 805 2860 ire·
846 2825 894 2874 qna
905 2811 990 2861 Letin.
1005 2810 1236 2875 ‘Septimontium’
1251 2811 1319 2862 diem
1331 2813 1368 2874 ip·

284 2889 337 2938 beri
350 2889 460 2938 volebat.
480 2889 560 2938 Mart.
577 2887 622 2937 lib.
640 2902 679 2936 rx.
688 2888 765 2950 Eqiq·
780 2892 805 2936 d·
845 2899 901 2936 snm
912 2892 997 2948 vocet,
1010 2900 1061 2950 qun
1073 2886 1098 2936 id
1110 2901 1209 2938 ssorum
1220 2886 1368 2936 eeiebrebn·

281 2963 408 3013 ‘Peiisds
418 2969 554 3026 prosterno,
564 2965 666 3026 resngit
675 2963 718 3013 iiie
731 2961 805 3012 tots!
846 2967 896 3022 tur,
915 2960 1013 3011 dietum
1030 2961 1074 3028 (ut
1091 2963 1187 3028 inquit)
1202 2963 1251 3012 ‘sb
1261 2963 1299 3012 iuis
1309 2977 1367 3026 sep·

282 3039 359 3102 Epig.
369 3043 410 3088 1⁰.
420 3039 462 3087 tib.
473 3052 511 3088 vr.
528 3039 536 3065 ‘
548 3039 605 3102 Dio,
616 3053 739 3102 precor,o
748 3053 805 3089 nos·
845 3042 898 3086 tern
918 3037 1044 3089 montibus
1064 3039 1090 3088 in
1101 3039 1157 3104 quis
1167 3040 1218 3089 site
1228 3037 1297 3088 Urbs
1310 3037 1368 3087 est!

283 3113 316 3162 tri
334 3113 375 3162 dic
390 3114 575 3177 conroisuirqo
593 3114 734 3164 Tonantio?
767 3117 807 3166 Si·
846 3111 920 3162 idern
941 3111 1024 3164 terme
1040 3115 1149 3182 Festus.¹
1175 3113 1366 3164 ‘furnensem

282 3187 366 3238 mitem
379 3189 500 3249 Cniiguire
518 3189 642 3239 insaniem
658 3198 747 3241 notsre
765 3201 807 3242 est
846 3186 957 3239 Aduers-
969 3203 995 3238 v.
1008 3196 1088 3239 toturn
1100 3191 1168 3238 huno
1185 3190 1267 3239 ioonrn
1278 3189 1316 3238 rio
1328 3203 1367 3238 re·

281 3265 307 3314 in
324 3265 409 3328 curig.
426 3263 580 3314 ubidicitur
597 3265 693 3314 Lunum
710 3265 735 3315 in
753 3281 805 3316 ern.
845 3265 947 3313 stituit:
970 3264 1143 3329 Septinmtinir'
1164 3268 1203 3314 die
1225 3266 1325 3316 Senatui
1344 3269 1368 3314 ei

282 3342 373 3404 pierius
384 3340 513 3389 invitasse.
845 3338 929 3400 Equiti
938 3339 1046 3401 mnodo,
1054 3340 1117 3403 picti
1132 3341 1314 3402 spiriritum
1327 3353 1367 3403 op·

313 3414 494 3478 *Megisterid
511 3415 559 3466 Vei
577 3416 687 3481 collegit,
699 3418 739 3468 vei
753 3415 803 3467 iee-
843 3414 1049 3466 miudistriteit·
1066 3417 1160 3464 Verum
1168 3416 1367 3482 'romeutquod

284 3492 401 3541 tivitstis.
844 3503 908 3554 pnes
920 3493 986 3541 tenti
998 3493 1045 3543 riri
1057 3490 1180 3556 dixerim)
1191 3493 1228 3543 iiii
1239 3495 1367 3544 excelien-

314 3567 320 3600 ¹
336 3568 500 3630 Taenarum]
517 3569 575 3618 liii.
586 3573 633 3618 to.
643 3569 694 3619 od.
845 3565 863 3614 ti
875 3579 921 3616 sun
933 3567 1034 3630 iugenio
1046 3569 1151 3620 nimiunn
1163 3570 1277 3621 induirit.
1300 3571 1367 3622 Nos·

307 3649 325 3676 a
340 3642 461 3704 Mum]
478 3643 803 3707 Grmjnoruwnioeqde.
844 3649 885 3690 trs
895 3642 1039 3692 emendatio
1050 3645 1173 3707 securior,
1189 3659 1220 3696 so
1230 3647 1369 3697 modestior

283 3716 323 3766 dit
335 3717 439 3778 eonium
451 3714 546 3779 populo
557 3717 664 3765 sedenti.
844 3723 901 3776 est;
916 3724 944 3766 et
955 3732 1012 3781 quae
1024 3727 1165 3784 sequuntur
1184 3721 1274 3770 meiius
1285 3722 1367 3771 eohoe·

314 3790 527 3854 ¹¹Septiurorrtioti]
545 3790 631 3840 Dietio
641 3791 680 3842 die
688 3792 763 3843 obest
772 3793 804 3844 ob
843 3799 910 3841 rent.
947 3794 1093 3844 ‘Penatis'
1122 3805 1219 3858 sutem,
1246 3805 1368 3862 tunquam

283 3865 804 3932 omnibusnostrisirtss.eaniirusetisnn
843 3870 988 3935 especiore,
1009 3879 1086 3935 etque
1107 3873 1261 3928 honestiore.
1281 3861 1369 3938 Equiti

283 3959 348 4000 nune
359 3959 435 4004 erm,
450 3955 500 3992 non
510 3955 638 4005 emmor,
649 3942 735 4006 tener,
746 3944 803 4009 tego
843 3954 870 3996 et
881 3947 987 3998 Senetui
998 3948 1068 4010 dots,
1078 3959 1106 3999 ot
1115 3951 1123 3977 ‘
1131 3950 1263 4014 eporteiie
1271 3951 1278 3973 ’
1287 3933 1373 4015 pient!

282 4019 722 4082 igiturSeptirnorrtiniirorroquiden.
755 4020 804 4070 Ni·
842 4021 939 4072 Similis
955 4023 1027 4073 loeus
1039 4025 1120 4088 cong.
1139 4039 1164 4075 o.
1184 4029 1224 4075 1⁸.
1241 4026 1368 4090 ‘poneris

283 4093 306 4142 si
329 4092 384 4156 quis
407 4093 519 4155 quendem
542 4106 588 4157 pro
609 4095 701 4156 quiden
722 4095 802 4145 metit.
842 4111 900 4148 eum
922 4100 1026 4163 opsonio
1050 4100 1146 4149 viritim
1168 4101 1276 4151 divisit!
1310 4102 1368 4151 i'er·

284 4163 353 4218 um
364 4166 403 4216 ise
419 4166 544 4219 dictiones
561 4174 589 4218 et
603 4177 721 4235 ooqnue
732 4179 802 4235 snut,
841 4179 903 4226 rest.
927 4175 993 4228 Vide
1005 4181 1032 4228 et
1042 4177 1146 4228 Fertnnr
1157 4177 1185 4226 in
1198 4177 1274 4229 serbo
1287 4177 1367 4242 ‘sep-
