3114 4828
228 315 294 385 718
405 379 412 392 ,
653 329 682 378 c.
707 327 885 378 sunnonrr

229 477 451 538 testamento‘
472 472 616 554 Augusti
643 471 759 547 fnisse,
784 489 862 534 mox
877 469 978 551 vulgo
993 473 1143 533 notatum
1159 474 1230 546 est3
1252 485 1314 533 non
1397 531 1403 542 ,

228 575 337 638 minus
352 573 522 655 aurigandi
544 578 610 635 arte
633 574 666 636 iu
680 571 908 636 adolescentie
931 570 1048 646 clarus,
1072 589 1172 652 quem
1198 570 1316 648 deinde

228 674 430 740 ornamentis
456 671 736 756 triumphalibusd
755 691 797 737 ex
823 671 1022 736 Germanico
1046 671 1146 735 bello.
1188 669 1315 734 Verum

229 795 396 858 arnigans,
422 774 589 859 profusus,
607 774 752 851 immitis,
772 773 950 838 Censorem
961 779 997 820 ⁴·
1013 771 1052 836 1..
1067 771 1315 834 Plancumvia⁵

229 878 295 942 sibi
318 877 477 942 decedere
500 875 623 939 AEdilis
646 875 774 956 cobgit:
797 881 952 956 praeturae
974 873 1234 954 consulatusque
1256 870 1316 933 bo·

228 997 310 1041 nore
331 977 465 1061 Equites
480 975 652 1040 Romanos
667 982 903 1058 matronasque
920 974 964 1038 ad
987 973 1148 1056 agendum
1163 967 1318 1036 mimnm‘

228 1076 389 1161 produxit
403 1079 436 1141 in
447 1095 592 1142 scenam.
636 1075 843 1140 Venationes
857 1080 890 1138 et
904 1075 936 1138 in
953 1074 1064 1150 Circo,
1089 1081 1126 1136 et
1150 1074 1184 1135 in
1203 1072 1315 1170 'omni-

228 1179 295 1244 bns
324 1178 427 1243 Urbis
460 1176 678 1260 regionibus,⁶
718 1176 827 1242 dedit:
877 1195 998 1241 munus
1022 1175 1121 1240 etiarn
1156 1173 1315 1254 gladiato·

683 1371 862 1393 nunonem

228 1509 282 1556 leae.
297 1505 404 1555 Manum.
424 1505 488 1569 cop.
509 1505 597 1580 quiet
616 1507 641 1554 ia
661 1521 749 1556 muru.
782 1505 814 1555 lu
831 1504 932 1568 nrypn.
948 1505 974 1554 ia
991 1500 1123 1552 Germ-⁴
1140 1501 1315 1551 Correaerunt

229 1571 300 1633 Lipe.
313 1585 343 1621 ae
353 1570 425 1619 Torr.
436 1583 571 1618 censoriam.
605 1569 638 1619 In
650 1571 698 1618 Ed.
710 1570 795 1620 Ptant.
808 1569 914 1634 alliaque
928 1571 998 1617 Cerae.
1009 1565 1248 1628 compendiose-s
1269 1566 1315 1616 Vin

229 1635 303 1684 deeat
314 1635 384 1683 Dua.
414 1635 480 1684 Dein
491 1635 654 1697 cmaaruqae
664 1633 711 1683 Ed.
722 1636 786 1684 Veu.
799 1639 822 1682 l.
839 1633 1015 1694 venetiarumque
1026 1630 1092 1679 Edd.
1101 1631 1174 1678 Vett.
1186 1629 1317 1694 pleraeque

228 1711 286 1748 cum
307 1695 389 1747 Codri.
409 1699 517 1762 aliquot,
537 1698 581 1747 aed
599 1713 643 1760 que
662 1712 711 1747 uon
728 1705 869 1759 agnoscunt
885 1697 990 1745 Merum.
1004 1695 1071 1744 llun.
1084 1694 1182 1744 Medic.
1194 1693 1273 1742 Vind.
1289 1697 1313 1740 Ξ.

229 1761 299 1812 cort.
312 1761 377 1824 cop.
389 1761 464 1812 l'ore.
476 1775 533 1811 eom
547 1761 613 1812 Edu.
623 1761 697 1812 Junt.
709 1763 798 1827 steph.
810 1763 873 1827 Arg.
889 1759 949 1811 Ald.
960 1759 1099 1810 Grau-tl
1115 1758 1177 1820 neg.
1187 1757 1239 1806 urb.
1256 1757 1319 1806 lile·¹

717 1925 825 1977 NOTAE

229 2037 300 2088 Hine
328 2054 379 2090 non
404 2041 532 2090 immerito
557 2045 676 2103 auepecta
702 2053 753 2088 voa
790 2037 1090 2100 ‘llequtibiatabnlie
1104 2031 1313 2099 cerisqueeerip·

226 2114 376 2176 mortaleque
406 2115 564 2165 Torrentius
602 2117 657 2163 hee
685 2113 753 2163 enlm
789 2119 816 2161 ta
835 2114 953 2174 annuite
972 2113 1064 2168 do.ita
1080 2114 1148 2176 lego,
1166 2112 1203 2160 lta
1223 2116 1314 2170 testor,

228 2188 296 2238 idem
308 2188 435 2252 signifieat
445 2193 492 2240 ne‘
505 2189 609 2240 familiae
618 2188 636 2239 :'
652 2202 700 2239 neu
708 2203 752 2252 pe·
788 2187 875 2251 itaqua
885 2202 929 2237 ens
940 2188 1056 2241 Quirites
1064 2187 1236 2238 teetinroniunr
1248 2201 1314 2251 prae·

228 2265 312 2314 onnia
323 2273 407 2316 emtor
423 2266 491 2331 apud
508 2267 704 2330 jurienonenltoa
718 2267 752 2314 te·
790 2262 897 2311 betete!

228 2340 598 2404 geresanutaffirmatidem.
629 2340 752 2392 Videlib.
821 2335 1003 2386 dOrnarueute'e
1016 2334 1312 2398 binanbutibudlu'l’l-

229 2427 311 2466 cxcv·
321 2414 348 2466 ff.
361 2417 393 2466 de
405 2417 538 2468 uerborum
551 2417 638 2482 siguli.
789 2408 862 2460 berlo
872 2425 930 2474 0¹1)-
942 2416 983 2462 2⁰·
1129 2463 1132 2468 .

260 2493 450 2555 ‘TeatnmeatoJ
477 2494 558 2544 Plura
584 2499 658 2542 eraut
683 2493 752 2556 apud
821 2486 986 2550 ‘Censorem
1008 2488 1051 2537 De
1080 2486 1190 2538 Munatii
1218 2484 1311 2535 Planci

228 2566 356 2616 Romanoa
365 2573 577 2618 testamentorum
585 2567 753 2630 generantia
789 2573 900 2610 centurn
918 2561 944 2610 iu
967 2562 1085 2626 Augneto
1104 2577 1161 2626 cup.
1175 2566 1218 2614 tl·
1248 2561 1313 2612 Cum

227 2640 325 2692 fiebant
336 2643 363 2690 iu
374 2641 449 2701 bello,
460 2657 544 2692 eoram
558 2641 684 2706 aliquibna
694 2650 751 2691 tan·
788 2651 849 2686 uero
860 2651 968 2688 eeuenra
984 2641 1065 2689 multo
1081 2639 1115 2688 ait
1134 2639 1259 2688 aedilitate
1271 2653 1311 2686 su·

228 2721 282 2764 turn
304 2715 530 2778 commilitonibus,
554 2731 611 2781 qum
629 2715 673 2765 ‘in
692 2730 752 2779 pro·
789 2714 885 2776 perior,
896 2713 1109 2764 ldeoTorrenttue
1120 2729 1171 2764 nnn
1183 2715 1314 2764 existimat

228 2789 332 2840 cinctn’
345 2789 506 2850 dicebantur,
522 2804 632 2854 namque
649 2790 697 2840 rub
712 2791 751 2854 ip·
789 2801 820 2837 ea
830 2787 915 2839 fronte
926 2787 1065 2840 Domitium
1078 2803 1133 2840 eane
1149 2791 1271 2852 potuisse,
1284 2795 1313 2837 ot

227 2878 281 2914 eam
297 2879 390 2928 pugna
401 2865 487 2915 borarn
500 2879 516 2914 a
527 2865 676 2929 pugnatoria
687 2867 752 2915 urili-
789 2865 936 2924 Censorem,
954 2865 1106 2928 magistratu
1127 2866 1246 2925 durante,
1263 2861 1312 2912 eibi

228 2939 297 2990 tibus
326 2938 513 2990 condebantur.
545 2939 603 2989 Alia
631 2940 657 2988 iu
679 2955 752 3003 paee,
789 2938 1313 3008 riacederevelletAEdilis,etideolegit

227 3029 315 3064 eoram
333 3016 430 3080 populo
449 3020 674 3079 convocataque
693 3015 751 3066 ideo
787 3016 922 3065 ceaeoriuur.
939 3014 990 3064 Sed
1003 3027 1117 3064 censure
1128 3017 1250 3064 bonorem
1258 3016 1310 3062 vat·

228 3093 403 3142 ‘testamenta
418 3091 509 3140 calatia
525 3089 651 3140 eomitita¹
662 3093 751 3154 uppet-
788 3091 822 3141 de
839 3099 900 3141 tune
919 3091 1042 3155 temporie
1060 3091 1220 3140 imminutum
1235 3089 1312 3140 fuisse

228 3167 283 3216 lata
302 3173 371 3216 aunt.
404 3164 629 3216 Aceeaaitdein'de
648 3167 751 3216 tertium
789 3166 1258 3230 uonetateaAuguetodeputatu.
1278 3165 1312 3215 Et

228 3255 311 3306 genna
330 3248 549 3302 tentamentorum,
564 3240 631 3305 quod
650 3241 751 3291 diceba·
788 3251 860 3292 certa
871 3244 945 3293 bomo
957 3243 1042 3306 qratia
1053 3247 1145 3305 potens
1157 3242 1225 3306 apud
1239 3242 1312 3292 Prin·

228 3325 273 3365 tur
286 3331 334 3379 per
353 3330 389 3365 aee
400 3324 427 3365 et
443 3316 550 3366 libram:
568 3316 667 3366 seilicet
682 3317 751 3381 quod
788 3317 872 3380 elpem
884 3328 910 3366 et
920 3331 1043 3381 arrogans
1056 3317 1142 3368 faeere
1154 3319 1180 3367 id
1193 3319 1286 3381 potnit.

227 3405 276 3456 per
286 3391 526 3455 emancipationem,
535 3391 560 3440 id
571 3397 622 3452 eat,
630 3392 751 3455 imagina-
820 3390 832 3423 f
845 3393 957 3458 Minuta]
973 3394 1046 3444 ldena
1057 3394 1090 3443 de
1099 3393 1207 3444 Laberio
1217 3395 1312 3458 Equite

229 3465 751 3531 riamquandarnuenditionemagebatur,
789 3467 916 3526 Romanu,
928 3469 954 3517 in
965 3469 1037 3520 Julio
1048 3483 1105 3531 ean.
1116 3472 1155 3519 39.
1174 3477 1202 3518 et
1213 3470 1245 3518 de
1256 3470 1312 3518 aliie

228 3542 340 3606 quinque
356 3541 463 3591 tentibus
482 3550 509 3590 et
529 3541 673 3605 libripendo
690 3545 752 3594 civi·
790 3543 935 3609 Equitibue,
946 3544 972 3592 iu
984 3543 1101 3606 Angusto
1112 3548 1220 3606 eamn.
1232 3551 1259 3593 et
1276 3545 1313 3592 iu-

228 3615 277 3666 bus
289 3615 411 3665 Romanis
422 3615 561 3678 puberibus
574 3619 753 3683 prmeeutibnr,
788 3616 828 3668 l'ru
849 3633 906 3681 cap.
926 3622 966 3667 20.
1000 3617 1057 3668 lloc
1078 3625 1164 3667 antem
1186 3631 1238 3666 nou
1260 3626 1313 3666 tarn

230 3701 258 3742 et
273 3706 304 3742 eo
324 3691 366 3756 qui
382 3689 480 3740 familia
496 3699 580 3741 emtor
597 3692 753 3744 dicebatur!
789 3692 939 3756 profusioni,
962 3708 1037 3757 qnam
1055 3694 1209 3756 arrogantie
1229 3702 1256 3743 et
1275 3706 1314 3740 en·

228 3765 324 3818 Jnrtiu.
341 3765 385 3814 lib.
396 3779 427 3814 ιι.
436 3765 523 3816 Inrtit.
534 3767 588 3816 Tit.
613 3766 646 3815 de
663 3767 752 3818 Teuta·
789 3766 886 3833 perbiue
898 3767 1005 3816 Domitii
1024 3766 1188 3818 tribuendum
1200 3767 1312 3822 videtur,

228 3842 329 3892 mentia.
362 3839 459 3890 Eodem
470 3837 551 3890 fermo
561 3839 637 3891 modo
651 3857 701 3906 quo
710 3855 754 3892 ru·
789 3840 857 3906 qnod
867 3842 996 3904 boueetne,
1007 3857 1057 3891 nnu
1074 3842 1198 3904 ignobile·
1209 3850 1237 3892 et
1248 3840 1313 3892 infa-

229 3929 277 3978 pra
288 3917 314 3965 in
326 3913 443 3977 Artauato
454 3929 511 3980 cap·
521 3914 604 3965 obde
614 3916 752 3982 adoptione
789 3931 851 3972 mea,
870 3925 972 3968 actores
992 3917 1085 3967 babere
1105 3917 1229 3979 uolnerit;
1249 3919 1312 3968 eatis

228 4004 277 4054 per
288 4005 323 4040 ιι
335 3999 363 4040 et
373 3991 475 4054 libram,
484 3991 531 4042 uisi
539 3991 605 4056 quod
617 3993 669 4042 alia
678 3999 754 4043 erant
790 3993 856 4042 eninr
868 4001 941 4057 patet
952 3993 1008 4057 ejue
1026 3991 1138 4056 preludo
1154 4007 1186 4042 ex
1198 3994 1312 4044 venatio·

230 4065 345 4116 aoleuuia
365 4066 461 4118 uerba:
488 4075 597 4118 testator
624 4068 690 4118 enlm
714 4078 752 4118 te·
790 4067 874 4133 nibne,
887 4081 948 4132 quae
964 4080 1015 4117 nou
1026 4075 1125 4117 tautum
1144 4067 1256 4124 ianime,
1267 4069 1312 4117 aed

229 4153 293 4192 uene
304 4141 404 4193 tabulae
415 4145 622 4196 tentamentariaa
633 4143 750 4198 dicebatr
790 4143 816 4194 in
824 4143 941 4194 omnibu·
950 4155 1051 4208 quoque
1059 4141 1208 4206 regionibus
1215 4142 1306 4196 edidit.
