3090 4824
238 309 303 376 8114
664 321 694 368 c.
717 314 897 368 sunnonrr

238 465 323 549 tnr3¹
345 465 447 530 elium
471 461 707 539 sciscitantem,
729 458 905 542 ‘Ecquid⁹
927 456 961 521 in
976 454 1068 522 Urbe
1090 454 1172 520 novi
1191 451 1234 518 de
1257 452 1332 519 Ne·

238 567 353 636 ronct’
375 567 472 650 Equo
488 571 599 630 entem
616 563 718 633 odore
730 571 756 602 ¹⁰
790 560 916 644 objecti
934 561 967 623 in
982 560 1037 622 via
1054 556 1226 622 cadaveris
1248 576 1330 620 cou-

239 676 398 744 sternuto,
427 667 563 730 detecta
585 664 671 730 socie
694 662 823 746 agnitus
850 667 902 726 est
930 680 951 724 u
975 658 1118 743 quodem
1134 653 1331 722 missicio¹¹¹

238 772 449 856 praetoriano,
464 774 497 832 et
511 766 685 832 salutatus.
730 762 780 828 Ut
794 763 838 828 ed
853 762 1090 826 deverticulum
1107 763 1244 823 ventum
1269 763 1331 836 est,

240 872 388 942 dimissis
402 871 499 954 equis
512 870 598 934 inter
608 867 762 930 fruticeto
776 884 817 930 oc
832 883 965 947 vepres,
987 881 1046 945 per
1069 858 1256 924 arundineti
1279 877 1332 924 se·

239 975 352 1038 mitum
369 991 468 1055 segre,
484 988 544 1034 nec
559 968 625 1032 nisi
640 973 748 1032 struto
768 967 856 1032 snb²
879 965 1025 1046 pedibus
1049 967 1151 1040 veste,
1175 960 1218 1026 ed
1238 980 1332 1026 uver-

239 1095 314 1140 snm
329 1075 418 1140 villus
433 1065 725 1157 porictcm'evesit.
769 1067 826 1133 Ibi
839 1067 991 1132 hortante
1004 1063 1146 1130 eodem³
1168 1063 1332 1141 Phaonte,

238 1182 276 1240 nt
298 1176 426 1240 interim
448 1176 481 1238 in
496 1191 631 1256 specum
647 1177 769 1252 cgestae
793 1187 903 1234 crenus
921 1161 1166 1242 concederet‚4¹
1188 1166 1332 1245 negavit,

240 1285 298 1343 ‘se
315 1280 425 1343 viuum
449 1277 512 1340 snb
527 1281 649 1339 terram
669 1271 790 1336 iturum
798 1271 817 1337 ε’
840 1289 881 1336 uc
897 1286 1075 1353 parumper
1098 1272 1333 1344 commoratus,

241 1380 321 1444 dnm
335 1376 561 1444 clandestinus
577 1375 621 1440 ed
634 1373 748 1440 villaro
769 1375 923 1438 introitus
938 1375 1125 1454 peraretur,
1144 1386 1267 1458 equunp
1289 1387 1332 1434 ex

241 1481 391 1564 subjecto
416 1474 560 1542 lacuna*
583 1482 744 1561 potnrns⁵
776 1495 876 1542 manu
899 1474 1033 1554 bensit3
1058 1479 1103 1550 et,
1126 1470 1236 1535 ‘Haec
1261 1468 1335 1547 cst,’

240 1581 358 1665 inquit,
390 1579 561 1646 ‘Neronis
585 1577 759 1644 decoctu.’¹
804 1577 905 1656 Dein,
931 1575 1067 1642 divulse
1091 1572 1241 1638 sentibus
1264 1591 1334 1655 pee-

241 1863 258 1908 o
278 1861 308 1908 Et
327 1860 384 1924 quid
403 1859 509 1908 Menrm.
526 1858 624 1908 Medic.
644 1859 713 1907 Drrn.
733 1858 811 1907 Fouc.
829 1857 909 1908 Polir.
920 1855 999 1905 vind.
1017 1855 1090 1906 Cort.
1101 1853 1153 1903 dno
1168 1854 1255 1902 Bnnn.
1267 1851 1335 1903 Edd.

241 1925 334 1986 Csnrp.
350 1924 421 1972 Med.
439 1938 478 1985 pr.
496 1923 563 1971 Ven.
576 1927 599 1972 l.
618 1923 645 1971 is
665 1923 752 1971 Urbem
770 1923 866 1971 Medic.
879 1925 902 1970 1.
921 1921 996 1970 Huic.
1030 1921 1114 1982 Supte
1134 1918 1179 1967 otii
1196 1917 1294 1966 Medic.
1312 1923 1336 1967 1.

242 1987 308 2050 Cup.
319 1991 344 2036 in
357 2001 405 2050 quo
416 1987 470 2034 soci
483 1986 632 2035 deese—ld
649 1987 690 2034 Es
704 1987 743 2036 od.
760 1986 859 2035 Medic.
872 1989 895 2034 l.
908 1989 932 2034 3.
945 1985 1023 2033 Polit.
1037 1985 1115 2032 Fonc.
1126 1981 1204 2032 Vind.
1221 1987 1245 2032 2.
1263 1982 1335 2031 Cort.

242 2053 308 2112 Cep.
325 2052 399 2100 Huic.
418 2049 473 2113 (qni
485 2057 513 2098 et
524 2047 621 2110 objecti)
638 2063 688 2098 non
699 2049 861 2112 improbante
874 2047 990 2098 Orrd.-l
1003 2049 1035 2096 ln
1047 2047 1115 2098 Edd.
1127 2045 1214 2095 multis
1226 2060 1272 2108 per
1283 2061 1336 2094 nm·

237 2115 364 2176 juscuism
384 2113 485 2161 literam
502 2113 623 2162 scribitur
641 2111 757 2173 Mieeitio,
776 2115 848 2176 qussi
870 2112 1001 2175 proprium
1022 2110 1113 2160 fuisset
1133 2122 1233 2160 nomen.
1266 2110 1336 2158 Dein

240 2178 311 2226 sutor.
323 2182 358 2227 est
370 2176 436 2240 Cup.
447 2177 492 2224 roi.
508 2178 539 2224 od
548 2177 634 2225 diuers.
644 2178 720 2226 Voss.
738 2177 782 2225 red
795 2178 886 2227 dorent.
899 2177 995 2226 babent
1006 2176 1112 2225 Memor.
1123 2173 1222 2223 Medic.
1234 2177 1258 2222 ⁸.
1269 2172 1337 2224 Edd.

242 2241 318 2290 Rom.
338 2241 427 2288 Burni.
445 2242 493 2288 dcc.
504 2239 604 2298 fructic.
620 2240 718 2289 Medic.
730 2244 755 2289 2.
769 2241 836 2290 Edd.
849 2242 922 2291 Rom.
934 2242 1057 2289 Ceterum
1070 2239 1268 2302 rutgojrrngnut
1278 2239 1337 2288 dim.

242 2305 314 2368 epsis.
326 2305 371 2354 ist.
383 2305 420 2364 fr.
433 2304 518 2367 posits
529 2304 644 2353 distinct.
657 2314 715 2366 post
726 2308 865 2367 cepres-s
876 2305 1047 2354 Desideratus
1061 2303 1105 2352 sub
1120 2305 1147 2352 in
1165 2303 1262 2351 Medic.
1276 2305 1299 2350 1.
1311 2307 1336 2351 s.

244 2369 317 2421 Cort.
329 2383 360 2418 sc
371 2367 449 2417 dnob.
461 2369 549 2417 Burin.
581 2369 647 2418 Tum
655 2371 686 2417 od
698 2370 824 2419 omittitur
835 2369 860 2418 in
872 2370 937 2418 Mss.
949 2368 1027 2419 o.1n
1037 2367 1116 2416 Vind.
1129 2375 1248 2430 utroque,
1258 2366 1337 2416 Potit.

242 2433 304 2482 trib.
320 2431 394 2482 Torr.
405 2433 482 2481 Fene.
493 2433 579 2482 Periz.
592 2432 706 2482 Heriem.
719 2434 791 2483 Cort.
804 2439 833 2483 et
847 2431 914 2483 Edd.
925 2447 1004 2497 usquc
1016 2433 1048 2482 ed
1059 2432 1183 2482 Berostd.
1194 2437 1235 2479 est
1252 2431 1337 2480 adner-

242 2511 290 2545 esr.
307 2495 339 2545 ln
357 2495 462 2560 reliquie
478 2499 608 2546 odcermm.
624 2497 715 2548 Nostr.
733 2499 793 2546 tect.
810 2512 843 2547 es
860 2496 1040 2547 emendetione
1051 2497 1076 2548 J.
1088 2497 1117 2545 1².
1128 2495 1207 2545 Gron.
1219 2509 1337 2557 compro.

243 2560 308 2610 bunt
324 2561 443 2610 Perinon.
462 2560 523 2609 Ern.
543 2561 643 2610 Rnbnk.
660 2560 729 2610 Oud.
741 2559 865 2610 wetti-d
885 2561 979 2611 Mulier
994 2563 1066 2611 Torr.
1086 2559 1178 2610 sbeess
1195 2561 1283 2614 eodm,
1295 2559 1337 2608 sei

242 2623 321 2674 scribi
337 2628 448 2674 eum-d
463 2624 505 2675 its
518 2625 624 2674 bienno.
637 2625 735 2674 Medic.
750 2630 773 2674 l.
788 2629 812 2674 8.
829 2624 908 2674 Petit.
918 2625 997 2676 vind.
1013 2625 1084 2675 cort.
1102 2625 1168 2688 Cep.
1185 2630 1213 2672 et
1228 2623 1336 2672 otiorum

243 2689 355 2752 piurimi.
376 2688 443 2738 Edd.
462 2689 536 2738 Rom.
552 2703 604 2739 sec.
622 2689 683 2738 Ssb.
702 2689 769 2738 Bon.
790 2690 849 2738 Bas.
866 2690 954 2740 Ptsnt.
970 2689 1081 2740 Cesenb.
1100 2691 1150 2740 dre.
1168 2687 1337 2749 prebentibus

244 2753 307 2802 Ern.
319 2753 388 2802 Ond.
399 2754 536 2802 cosdmetsr
551 2754 577 2802 in
590 2754 688 2804 Medic.
700 2757 724 2802 8.
734 2754 803 2802 Dnn.
818 2754 893 2803 Voss.
906 2754 990 2803 Petis.
1002 2768 1052 2802 nno
1067 2754 1144 2802 Torr.
1157 2751 1298 2802 Eddven.
1311 2755 1336 2802 1.

242 2817 316 2866 Med.
329 2817 403 2866 Cstd.
415 2825 442 2866 ct
452 2832 533 2879 merg.
545 2818 600 2881 Gry
620 2819 643 2866 b.
659 2820 823 2868 concederetur
834 2817 949 2867 Heriem.
961 2819 1021 2881 an.
1044 2818 1083 2867 Ex
1093 2817 1168 2866 unico
1178 2817 1262 2866 Noun.
1272 2813 1336 2864 Cod.

244 2879 331 2930 Graev.
348 2881 436 2930 Burni.
453 2881 547 2944 siiiqne
559 2881 591 2930 de
611 2888 687 2930 erunt
703 2896 727 2930 se
742 2883 859 2932 moeres.
876 2881 958 2931 Penio
975 2889 1035 2931 ente
1052 2881 1080 2928 is
1095 2881 1169 2929 deest
1180 2879 1335 2928 Momm-e

244 2943 326 3010 Vulgo
336 2950 468 3006 potatum.
477 2944 544 2993 liind
556 2947 770 2995 tuenturMeniur.
782 2946 879 2996 Medic.
890 2951 942 2996 m.
954 2945 1094 3008 Dun.Cop.
1106 2944 1164 3006 an.
1176 2943 1243 2992 Edd.
1255 2943 1337 2990 tiron.

244 3007 307 3056 Ern.
321 3007 391 3056 Ond.
410 3011 458 3057 &c
493 3009 556 3058 Mox
571 3009 654 3058 debinc
664 3009 744 3060 Vind.
761 3015 785 3059 1.
797 3025 854 3060 curn
868 3017 922 3074 opt.
938 3010 1011 3059 Torr.
1023 3010 1049 3058 in
1062 3023 1120 3072 qno.
1138 3008 1175 3056 uti
1194 3015 1222 3056 et
1238 3007 1337 3056 Medic.

246 3074 268 3120 1.
279 3075 305 3121 ³.
315 3071 411 3122 dicabo.
422 3071 507 3134 Vulgo
522 3072 606 3122 deinde
621 3073 669 3122 die.
687 3073 732 3123 sed
749 3075 804 3123 deis
820 3074 917 3126 babent
934 3073 1041 3124 Memor.
1056 3071 1154 3122 Medic.
1169 3071 1239 3120 Dun.
1252 3071 1336 3120 Petis.

734 3219 843 3270 NOTAE

276 3311 288 3344 ¹¹
308 3310 425 3373 Maricio]
451 3310 503 3360 Atii
522 3314 654 3376 proprium
676 3327 770 3364 nornen
810 3322 930 3366 unctores
950 3329 1076 3365 rocsrsrc
1092 3311 1226 3363 ‘Neronis
1245 3311 1336 3362 cirter-

244 3387 399 3436 Praetorisui
418 3387 506 3436 militis
524 3385 603 3438 t'rrisse
619 3389 708 3438 siunt:
726 3390 770 3438 eiii
810 3392 887 3442 num!

243 3463 396 3511 Praetorinni
415 3463 526 3526 quidem,
544 3464 589 3513 sed
601 3465 645 3529 qni
664 3467 771 3514 ircneets
841 3465 978 3528 tuma]
998 3465 1078 3514 Fosss
1098 3471 1139 3514 est
1161 3463 1187 3512 io
1210 3462 1289 3526 egris,
1309 3463 1335 3511 iu

243 3538 363 3586 nrissionc
376 3551 391 3584 s
402 3537 492 3586 militis
505 3541 660 3601 pretorium
678 3542 768 3590 missus
809 3557 884 3606 qnam
904 3556 970 3606 equs
988 3541 1098 3590 cxsrrdet
1116 3538 1149 3588 sd
1164 3539 1220 3588 ilios
1237 3537 1336 3587 siccen-

244 3620 323 3674 euecr,
333 3611 459 3676 qrromodo
475 3611 622 3663 subdititiae
635 3623 661 3663 et
675 3617 768 3679 escrip·
809 3619 865 3679 dos,
876 3619 917 3666 rei
929 3618 955 3666 in
972 3631 1023 3682 qus
1039 3623 1109 3666 erere
1126 3613 1271 3678 consuerit,
1286 3615 1337 3664 coi·

244 3688 326 3751 titius,
343 3691 391 3736 &c
411 3701 468 3752 qnae
488 3687 550 3738 ticet
574 3703 619 3751 per
638 3694 650 3736 t
671 3691 770 3752 scripte
809 3694 877 3742 tecta
894 3699 953 3756 post
972 3692 1076 3743 imbres.
1095 3691 1202 3754 'Virgib
1217 3703 1237 3739 r.
1251 3689 1336 3739 Geor·

244 3765 312 3821 oiim,
331 3771 416 3813 temen
434 3777 504 3826 perc
520 3763 598 3813 scribi
614 3766 690 3814 solitu
709 3780 769 3816 con·
809 3769 860 3833 gio.
878 3769 1046 3820 ‘Praesertim
1058 3768 1161 3818 incertis
1174 3765 1335 3816 simeonibus

245 3839 328 3890 tendit
342 3839 490 3889 Stimuittfl·
810 3845 890 3894 eninis
916 3845 1048 3896 cbnndros
1071 3845 1141 3906 Exit,
1167 3849 1196 3894 et
1223 3841 1336 3891 obducto

262 3916 282 3981 ¹¹
300 3914 453 3978 Concedent]
469 3913 620 3964 Torrentius
631 3915 657 3964 in
676 3930 726 3966 nno
738 3916 768 3966 li·
809 3920 861 3970 inre
872 3930 946 3972 tenet
955 3921 1039 3970 omnis
1048 3921 1117 3976 iimo,
1126 3917 1202 3968 Unde
1213 3931 1283 3966 curre
1296 3923 1334 3966 te-

244 3991 290 4039 bro
312 3993 375 4052 tegit
401 4006 427 4041 ee
452 3993 568 4042 conderet.
603 3992 768 4042 Csseubouoe
809 3990 1222 4058 pidurudsuthemerodromoe!

244 4066 389 4128 suspicatur
406 4081 541 4117 cavernam
553 4069 619 4118 bunc
636 4084 768 4118 exessum
841 4069 847 4104 ¹
864 4070 980 4134 Deeocto]
995 4068 1126 4119 ‘Neronis
1145 4067 1277 4132 Principis
1296 4065 1336 4116 iu·

246 4153 342 4205 genere
361 4141 449 4206 foisse,
470 4158 533 4208 quus
555 4144 705 4208 posterioris
721 4147 768 4195 srvi
810 4153 912 4196 ventum
924 4154 964 4196 cst
980 4144 1125 4209 decoquere
1142 4158 1244 4210 squsnr,
1256 4143 1335 4194 vitro·
