3114 4828
725 311 838 360 nuno.
1255 297 1321 362 rto

230 461 321 520 motu
336 457 431 520 terroe
446 453 585 530 tbesm,
600 459 678 518 sote
699 459 832 518 ceumre
844 452 981 528 destitit,
994 469 1092 535 quern
1108 451 1321 518 iueboutnm.⁶

231 553 416 620 absolveret
428 551 533 636 ripn?
577 553 707 620 Ibidem
723 555 858 638 sepius,
880 561 913 618 et
932 572 991 636 per
1005 555 1195 637 complures
1209 561 1321 622 mute·

233 655 282 720 vit
296 653 386 720 dies:
402 662 511 720 sumto
526 657 625 722 etism
637 654 682 720 sd
695 653 907 718 reficiendum
923 671 1040 718 voeem
1053 653 1147 718 brevi
1164 661 1320 738 tempore,

230 755 403 838 inpatieus
416 760 535 822 secreti
557 777 577 822 e
598 756 737 820 balineis
758 755 792 819 iu
814 755 1319 839 mestmm‘uuusutueuiuque

232 857 266 920 in
280 855 466 925 orchestrisi
490 857 660 940 frequente
681 854 809 940 populo
821 855 1004 940 opuntius!
1026 857 1076 920 ‘si
1090 856 1226 938 psuluur
1240 857 1321 922 sub·

232 958 384 1035 bibisset,
405 959 532 1042 aliquid
548 977 585 1022 se
600 953 768 1022 sollertin
791 955 1004 1034 tinniturum‚'
1026 957 1147 1022 Graeeo
1169 975 1320 1022 sermone

231 1059 395 1140 promisit.
439 1059 566 1143 Captus
589 1067 723 1124 sutem⁹
744 1058 924 1126 modulstis
938 1055 1235 1124 Alexandrinorum
1250 1057 1321 1124 leu·

232 1156 446 1238 (lotionibus,¹
469 1161 525 1244 qni
539 1158 582 1224 rle
597 1178 685 1224 novo
699 1165 884 1226 commeatu
901 1159 1068 1242 Neapolis
1085 1157 1321 1236 confluxerunt,

233 1259 348 1340 plures
363 1259 604 1326 lllerruudriu¹⁰
625 1261 790 1326 evenerit.
836 1259 955 1344 Neque
976 1279 1017 1325 eo
1036 1259 1166 1343 seguine
1190 1258 1323 1324 edules·

233 1361 383 1424 beatulos
395 1361 559 1444 equestris
569 1361 708 1439 ordinis,
716 1363 901 1446 elquiuque
913 1360 1056 1446 emplius
1070 1359 1175 1426 millis
1189 1381 1208 1425 e
1224 1359 1323 1446 plebe

233 1460 471 1526 robustissime
503 1462 693 1546 juventutis
723 1463 869 1546 undique
898 1464 1011 1546 elegit,
1041 1463 1099 1546 qui
1126 1460 1226 1527 divisi
1263 1463 1320 1528 lu'

234 1769 293 1819 lem.
304 1767 369 1818 Edd-
387 1769 458 1818 llum.
477 1769 543 1821 ven.
560 1771 726 1834 situque-u
745 1774 865 1822 lsesstsrs
877 1773 954 1822 Viud.
970 1777 993 1822 ι.
1010 1772 1111 1822 isrslst.
1124 1771 1208 1822 Petis.
1225 1769 1322 1820 Pontes

232 1835 495 1895 peresnplmsl'ose·
506 1835 537 1884 sb
546 1835 592 1884 bel.
605 1836 803 1888 Vosnsbsslis.
815 1837 920 1888 Memor.
954 1835 1073 1886 lolliurl.
1092 1841 1115 1884 l.
1132 1837 1206 1884 sessis
1315 1869 1321 1884 .

234 1901 282 1945 -7
299 1897 404 1946 blemm.
415 1897 501 1960 spslrt.
528 1897 656 1964 Ascripsit
670 1901 747 1950 Sslm.
759 1902 862 1963 missu
886 1901 949 1950 Mus
957 1901 1077 1964 paulum
1086 1899 1163 1948 vind.
1175 1849 1321 1958 iem·

227 1959 280 2018 seri
299 1961 404 2010 uenum.
425 1962 490 2010 End.
508 1963 580 2012 Meri.
598 1963 664 2013 Vsu.
677 1970 700 2014 t.
719 1979 766 2015 nee
784 1964 913 2026 improbet
927 1963 1039 2014 Turneb.
1051 1961 1148 2028 sufferri
1161 1962 1245 2011 l'eris.
1257 1962 1322 2025 Cep.

234 2039 292 2073 cum
305 2023 338 2072 Ο.
355 2024 425 2074 Oml.
441 2035 468 2076 et
479 2026 546 2075 llrld.
559 2028 632 2076 Rom.
643 2028 709 2077 Vsu.
721 2031 745 2078 ².
762 2031 785 2078 i·
797 2028 863 2077 lion.
880 2027 939 2078 Per.
957 2027 1038 2092 bussi.
1055 2027 1129 2079 lunt.
1146 2026 1207 2076 Bss.
1228 2026 1321 2090 (mers,

231 2087 355 2152 roffensi)
368 2089 455 2138 Plsut.
468 2091 524 2142 coi.
542 2091 662 2156 ssffertin
678 2107 735 2142 eum
752 2093 846 2156 Epust·
864 2091 931 2142 Edi.
948 2093 1038 2155 Stepb.
1056 2090 1116 2141 Aru.
1128 2099 1156 2140 et
1166 2089 1244 2140 dsob.
1257 2090 1321 2139 biss.

233 2154 322 2202 msllet
332 2153 408 2202 l'orr.
424 2153 556 2266 referrri:
572 2156 626 2212 sili,
643 2163 709 2206 teste
727 2157 785 2207 Urs.
801 2155 913 2220 sufferret
930 2159 969 2206 sel
985 2155 1105 2220 suffertis·
1121 2167 1201 2218 rusrp.
1221 2152 1321 2218 Grypb.

235 2216 326 2266 Nostr.
348 2217 410 2266 lect.
433 2219 599 2280 purirueruru
618 2217 748 2284 soffrsgiis
766 2221 960 2286 comprobatum
978 2227 1134 2284 receperunt
1158 2230 1246 2268 omues
1263 2225 1322 2282 post

234 2279 324 2330 Burni.
357 2280 460 2332 Desunt
470 2281 526 2332 bse
537 2283 622 2332 omnis
633 2301 648 2334 s
659 2299 691 2334 ru.
704 2300 742 2348 pr.
758 2283 784 2334 in
795 2283 860 2335 cod.
877 2283 951 2334 (lisr.
969 2283 1070 2349 πψτη
1081 2299 1096 2332 s
1107 2297 1174 2334 msn.
1193 2295 1246 2332 ser.
1262 2296 1322 2345 sup·

235 2343 343 2406 pletum,
354 2343 448 2394 deinde
459 2347 484 2394 io
495 2345 591 2410 sufferri
601 2362 617 2395 s
629 2357 689 2398 tert.
701 2353 885 2398 mutatum-i
900 2349 988 2398 Astem
999 2363 1048 2398 ueu
1059 2348 1156 2398 lrsbeut
1169 2345 1235 2396 lldd.
1249 2347 1321 2396 Rom.

233 2409 312 2457 ssim
322 2425 337 2456 u
347 2411 408 2456 morl.
421 2409 496 2459 vind.
508 2413 533 2460 ἱ.
546 2411 617 2460 eurr.
628 2413 654 2461 is
665 2413 754 2462 lesden
766 2413 845 2462 Fene.
857 2413 935 2475 quiet
946 2415 1110 2476 psallemus,
1121 2409 1205 2460 Perls.
1216 2423 1272 2458 sur.
1284 2424 1323 2473 pr.

232 2473 460 2533 arsami-lo
477 2475 554 2524 Hnls.
567 2484 594 2525 et
605 2475 643 2526 Co
663 2477 834 2526 dumne
851 2491 901 2526 sse.
919 2477 977 2540 Csj.
991 2475 1163 2526 Alssssdriss.
1183 2473 1248 2524 liele
1266 2477 1322 2523 sris·

232 2537 342 2584 luentes
353 2537 436 2587 Pstis.
448 2537 521 2588 llnls.
534 2539 614 2589 Fons.
650 2539 702 2588 lorl.
715 2543 740 2590 Ω.
758 2541 830 2591 Cort.
842 2539 909 2591 buu.
927 2549 987 2590 sote
1005 2539 1115 2590 euseb.
1133 2545 1229 2602 preter
1248 2539 1322 2588 llum.

234 2599 318 2650 Psulo
327 2607 387 2650 suls
398 2615 424 2650 ss
440 2603 513 2652 seriss
523 2603 596 2654 mslit
607 2603 761 2667 Bsnrsp-i
781 2604 811 2654 ls
827 2603 901 2654 slesst
912 2604 979 2654 buu.
990 2601 1064 2654 Csld.
1075 2603 1160 2666 bugu.
1170 2601 1243 2653 lunt.
1259 2601 1321 2668 Arg.

726 2731 750 2780 N
754 2729 835 2782 OTAE

232 2825 309 2876 uude
320 2825 396 2890 rlipns
411 2825 547 2888 dicuntur?
564 2834 594 2878 ut
609 2829 647 2878 sit
663 2828 759 2880 corus·
798 2827 960 2892 grsudins,si
972 2827 1094 2880 bibissetr
1111 2825 1243 2880 rubertum
1254 2827 1322 2878 euim

233 2903 284 2954 lius
295 2903 383 2966 Nepos
395 2901 420 2953 in
432 2904 618 2968 lipsmiuonrle.
798 2910 826 2954 et
836 2901 966 2954 differtum
976 2903 1122 2967 significent
1134 2904 1244 2967 plenum.
1268 2905 1322 2954 Un-

267 2977 278 3012 '¹
293 2975 383 3042 niun]
397 2979 546 3032 'l’orrsntins
559 2981 647 3032 scribit
661 2981 758 3031 Lntluls
797 2978 841 3042 us,
852 2981 907 3029 sire
918 2977 1039 3030 suffernrs
1050 2979 1104 3029 slss
1116 2977 1248 3030 suffertusn
1261 2979 1322 3030 rsti-

235 3053 758 3119 ebsrseteribnsssrsos.ntsnprsinClsu·
792 3063 900 3120 nestor,
918 3056 956 3108 bss
975 3069 1050 3106 sores
1067 3055 1181 3105 indicsnt
1192 3055 1321 3105 Neronem

235 3127 551 3191 discenti-setonam.
582 3131 757 3182 Nomisntenr
798 3131 1054 3183 Greerleeutnmin
1071 3131 1133 3182 urbe
1151 3131 1246 3182 uraca
1264 3130 1321 3180 tsi·

234 3211 296 3254 sunt
312 3205 384 3266 leges
401 3219 446 3254 ssu
462 3206 530 3256 modi
546 3205 665 3268 emendi,
676 3207 758 3258 tibiel·
796 3223 870 3270 γρων,
879 3205 1019 3270 ὑπέπινον,
1027 3214 1055 3258 st
1064 3205 1322 3270 herimundus·

234 3293 295 3328 usur
323 3279 464 3342 presertim
491 3289 518 3331 et
545 3282 758 3342 eitbsrrsrlersrs3
799 3285 884 3335 toulns
905 3285 996 3334 bstiue
1017 3285 1125 3334 verterit
1146 3281 1260 3348 sufferunt
1278 3289 1322 3332 sut

236 3352 349 3404 undeet
370 3355 427 3418 ipss
447 3353 552 3406 antica
571 3356 639 3406 nomi
659 3370 759 3422 qnoque
796 3357 1108 3426 russelunetssbbibsre.

235 3427 364 3478 dicuutur.
831 3432 839 3466 ¹
853 3433 1069 3484 Alemonam
1078 3427 1262 3492 metuntur]
1280 3427 1321 3479 De

268 3501 274 3534 ¹
292 3502 429 3567 oremus]
454 3503 485 3554 lu
502 3503 574 3556 ,lolio
592 3521 650 3572 esp.
668 3509 709 3557 ⁸9.
731 3513 759 3558 st
797 3511 891 3576 qulbus
904 3511 959 3574 J'sm
972 3509 1070 3560 dietum
1080 3513 1120 3558 est
1130 3520 1209 3569 suprs
1224 3505 1249 3554 iu
1269 3503 1321 3554 Λιι-

234 3581 275 3628 lb.
288 3587 315 3628 st
326 3577 382 3628 Tib.
395 3592 451 3642 esp.
459 3583 500 3628 bb·
512 3583 560 3632 &e-
798 3593 874 3650 3usto
891 3598 949 3648 esp.
960 3587 1001 3634 98.
1017 3583 1059 3633 nbi
1076 3590 1103 3632 et
1121 3582 1153 3632 de
1170 3589 1323 3636 commeatu.

267 3650 279 3686 ¹
304 3652 419 3719 Ssfferti]
446 3655 582 3706 Turnebus
609 3657 654 3708 lib.
677 3671 759 3710 xus.
798 3661 863 3714 otte
884 3674 933 3710 sus
952 3656 1322 3710 lib.v.dsbelloGsllicusn·

235 3733 328 3792 osmi.
341 3729 433 3791 lesisse
449 3743 477 3778 se
494 3731 531 3780 sit
548 3733 573 3780 in
592 3733 759 3786 codicesutl·
798 3735 878 3786 mitur
900 3751 915 3784 s
934 3735 1037 3784 Cessre
1060 3746 1107 3796 pre
1129 3731 1166 3780 itu
1187 3738 1214 3779 et
1236 3729 1321 3780 reutm

236 3819 288 3870 quo
308 3803 401 3870 sqfferi,
419 3808 491 3872 qussi
511 3817 581 3858 esset
599 3807 711 3875 trtyptr
727 3829 760 3876 rs,
797 3811 897 3872 clusis,
913 3809 1034 3860 ‘duobus
1053 3805 1234 3858 commeatibus
1249 3817 1322 3853 eser·

234 3878 305 3944 qnod
322 3891 349 3929 et
366 3881 392 3928 iu
412 3882 543 3932 veteribus
554 3883 625 3935 libris
636 3887 699 3949 legit
710 3887 759 3938 Cs-
798 3886 878 3936 eitum
891 3893 1023 3948 reportare
1032 3878 1186 3932 coustituit!
1204 3879 1322 3942 Etpenle

232 3955 375 4016 ssubonus,
394 3971 442 4008 nee
464 3963 567 4020 prebet,
588 3961 648 4026 quis
668 3963 759 4012 mellus
799 3967 866 4025 post,
883 3961 890 3988 ¹
905 3959 995 4022 prioris
1018 3963 1175 4008 commestus
1197 3955 1323 4017 expositis

234 4033 521 4084 vertereturssbrsstirs'.
543 4035 615 4085 Nero
626 4037 757 4099 promitte·
799 4033 938 4098 militibm‚'
949 4037 996 4084 trs·
1276 4031 1280 4042 '

233 4105 277 4156 bst
300 4121 328 4154 se
350 4114 512 4158 csntsturunr
534 4109 633 4173 plenius
650 4113 711 4178 quiri
729 4121 757 4162 et
