3084 4836
619 369 795 421 BBNBSTH
821 369 1018 420 excutietis

618 651 874 717 Excuttstts
898 631 1044 718 xum

686 826 735 876 ΑΙ)
753 825 872 876 CALIG.
890 827 920 876 C·
935 830 960 875 8.

639 983 711 1046 Apud
721 982 838 1046 ipim
848 982 960 1042 legionen,
970 985 1011 1044 ξι.

313 1083 427 1132 Come
443 1080 604 1142 Suetonium,
625 1094 671 1143 pro
687 1079 773 1129 Plinio
791 1086 818 1128 et
837 1078 940 1138 'l'acito‚
958 1079 1054 1127 enriter
1071 1076 1188 1140 dirputot
1199 1074 1303 1139 Lipriur
1316 1075 1365 1124 Er·

281 1177 348 1212 cure.
357 1167 398 1211 ott.
409 1162 440 1211 ed
452 1162 515 1212 Teo·
526 1161 594 1211 Anu.
607 1175 626 1211 t.
637 1165 679 1210 lt.
691 1161 797 1224 ejusque
817 1159 929 1207 retieret
948 1156 1066 1207 refellere
1079 1165 1204 1206 conetur:
1223 1169 1324 1219 perum,
1338 1162 1367 1206 ut

281 1243 382 1305 opinor,
392 1241 513 1291 feliciter.
546 1241 671 1290 Quodam
683 1255 708 1292 e.
720 1254 744 1288 c.
762 1239 903 1288 videamus.
937 1237 1035 1301 Nepet.
1052 1237 1129 1298 vulgo
1141 1251 1191 1284 uon
1204 1243 1279 1284 notoe
1288 1233 1367 1283 fulcro

281 1323 378 1370 urtelee
390 1321 525 1382 Caligulae,
536 1329 614 1383 etque
626 1333 715 1367 aueum
726 1331 783 1366 eree
794 1331 949 1380 cuononem,
965 1318 990 1366 io
1009 1316 1124 1366 uersibus
1142 1324 1194 1364 tom
1206 1313 1368 1378 impudenter

281 1401 393 1450 mentiri.
428 1399 599 1463 Reepondeo:
617 1399 638 1447 ei
652 1399 690 1447 uir
701 1397 785 1462 gretie
797 1403 887 1446 auctor
898 1405 977 1452 erret.
992 1410 1042 1446 non
1054 1395 1168 1455 iacerem
1184 1394 1266 1444 rediri
1279 1408 1367 1443 terroe

283 1487 343 1530 runt
360 1478 494 1531 ettam
527 1479 595 1530 Quid
615 1487 701 1527 ruteni
721 1475 807 1540 podtre
826 1491 876 1526 nou
894 1475 990 1526 rudent
1006 1476 1162 1526 adulationis
1180 1477 1274 1524 courel
1292 1489 1368 1538 quem

283 1559 446 1621 impudenter
458 1558 483 1606 iu
496 1559 603 1620 privetis
614 1556 786 1606 mentiuntur!
805 1561 899 1620 qututo
911 1557 968 1618 plur
989 1570 1052 1620 ergo
1063 1557 1090 1604 in
1103 1555 1277 1618 principibus!
1294 1554 1369 1604 Tuci-

283 1645 323 1688 tur
334 1647 360 1686 ot
373 1639 482 1700 Pliniur‚
492 1639 585 1702 inqiut,
596 1638 695 1701 copiunt
707 1644 735 1687 ot
746 1650 833 1686 curren
852 1636 1069 1700 intpiciuoclorunr
1086 1643 1202 1685 ociorum
1214 1650 1263 1684 nou
1276 1635 1370 1684 ltebue·

284 1720 361 1768 runt?
387 1719 492 1781 Coplrtm
512 1718 615 1782 quidem
633 1717 792 1766 hebueruut:
819 1718 957 1767 Suetoniue
976 1716 1232 1780 mammotrepti
1254 1714 1370 1778 publicet

283 1798 413 1847 Cunerum
429 1799 518 1848 litem
537 1798 666 1847 tractavit.
699 1797 791 1846 eurem
809 1795 921 1861 quidum,
935 1797 961 1844 iu
972 1796 1019 1844 hoc
1031 1795 1130 1858 cupite,
1140 1808 1190 1843 oon
1202 1793 1323 1843 lebuine
1334 1793 1370 1840 illi

284 1877 412 1940 ridentur,
423 1879 519 1926 centuri
530 1877 624 1941 ulloqui
636 1876 796 1940 publicorum
812 1877 945 1926 litererum
964 1875 1122 1930 unctoritrti‚
1133 1876 1155 1924 ri
1167 1873 1370 1937 repetitionum

284 1955 431 2005 Germanici
442 1964 471 2005 et
482 1956 583 2004 Fonteii
594 1958 726 2006 conculttu
739 1955 809 2004 Antii
822 1964 909 2004 netum
927 1955 1016 2004 Ceioni
1028 1955 1166 2006 cererem.
1201 1954 1253 2002 Sed
1263 1952 1370 2002 'l’ocitue

284 2034 387 2098 quidem
398 2051 450 2084 uon
461 2037 558 2092 rcribit,
573 2035 633 2100 quid
645 2036 700 2098 ipre
717 2035 749 2082 de
760 2035 888 2082 carolinus
900 2034 1023 2096 caligulae
1034 2033 1140 2088 sentiet,
1151 2031 1196 2080 ted
1207 2031 1267 2094 quid
1280 2031 1369 2093 uulgur

283 2113 411 2162 bortrinunt
428 2113 533 2173 dixerit,
551 2113 619 2177 quod
638 2114 723 2175 potuit
741 2120 848 2176 propter
864 2112 1054 2162 multitudinem
1072 2111 1209 2162 liberorum
1221 2111 1371 2162 Gorureoici

285 2205 381 2241 errore.
417 2191 551 2241 Mittuntur
563 2201 660 2246 cetero,
671 2206 729 2255 qum
742 2192 865 2255 pleraque
877 2200 938 2242 cnut
953 2191 1070 2254 fingentis
1083 2193 1178 2255 potius,
1190 2205 1266 2254 quom
1278 2189 1373 2240 doceo·

286 2269 328 2332 tie,
338 2279 382 2318 ut:
402 2271 461 2332 qnid
471 2271 492 2319 ei
504 2285 535 2320 eo
547 2286 612 2318 enno
624 2270 766 2335 nequidem
779 2278 852 2321 netur
865 2272 991 2334 Caligula,
1003 2273 1047 2320 red
1061 2273 1136 2335 portio
1148 2272 1223 2321 oute?
1241 2278 1285 2320 eut
1296 2271 1372 2334 poulo

286 2349 362 2414 port?
378 2349 438 2413 quid
450 2349 471 2399 ri
483 2349 589 2399 obtento
602 2359 676 2414 petre
688 2350 713 2398 iu
726 2351 818 2399 ceruit
831 2358 905 2399 uetus
921 2359 970 2412 eet,
982 2349 1074 2400 relicte
1084 2351 1111 2399 in
1124 2351 1265 2401 Germania
1277 2350 1373 2412 Agrip·

287 2429 357 2492 pino,
370 2429 454 2491 portui
466 2429 566 2478 ricino?
583 2429 644 2493 quid
656 2430 687 2491 ei,
699 2443 755 2494 qnoe
767 2429 792 2477 in
804 2430 869 2479 ectio
881 2429 913 2478 de
925 2429 980 2480 Citii
993 2430 1120 2480 noteiibur
1133 2431 1233 2493 rcriptt
1243 2438 1329 2490 erunt,
1338 2429 1371 2477 od

286 2509 364 2557 elium
375 2508 551 2572 pertinebunt?
567 2509 594 2558 st
607 2509 700 2558 tollbrte
711 2509 905 2573 qn'aertiuoculie
917 2509 1025 2559 reiimne
1034 2512 1180 2584 coprellere
1192 2511 1374 2560 auctoritetem

286 2595 314 2638 et
331 2587 407 2637 fidem
424 2588 614 2651 diligentireimi
632 2589 777 2654 scriptorii,
795 2589 840 2653 qui
854 2589 978 2654 ostendit,
995 2605 1023 2638 ee
1036 2591 1072 2638 de
1088 2605 1117 2638 re
1134 2592 1183 2639 ieta
1201 2604 1299 2640 tumme
1311 2603 1374 2638 curt

286 2669 420 2733 quatiere,
430 2668 490 2716 ninii
497 2669 552 2732 J'em
565 2670 623 2732 erit,
633 2670 700 2733 quod
712 2683 762 2717 uon
775 2669 878 2718 dubium
889 2670 962 2718 reddi
973 2671 1063 2734 potuit.
1095 2671 1165 2720 Ecce
1177 2685 1249 2729 tero,
1259 2669 1374 2718 exoritur

286 2747 328 2797 uic
339 2749 417 2796 etiem
427 2748 524 2811 Pogins
537 2749 602 2798 crit.
611 2750 703 2798 Boron.
716 2747 749 2796 cd
761 2761 786 2796 u.
799 2749 828 2797 C.
841 2762 880 2798 xt.
893 2763 919 2798 tt.
931 2754 955 2798 t.
967 2750 1010 2814 qui
1024 2749 1137 2798 Plinium
1149 2749 1251 2812 quidem
1264 2755 1291 2797 et
1302 2747 1375 2796 Tuci·

287 2835 340 2876 tum
359 2842 417 2876 cum
435 2829 532 2891 Liprio,
553 2826 599 2877 red
617 2830 694 2878 etiem
713 2828 862 2876 Suetonium
881 2828 1037 2894 (qtrouquem
1057 2843 1107 2878 non
1124 2829 1200 2878 video
1219 2842 1269 2890 quo
1290 2829 1316 2876 itt
1336 2841 1373 2886 re,

287 2907 399 2971 quoodo,
417 2921 475 2971 quoe
493 2907 566 2971 dicit,
584 2908 669 2957 omnio
686 2909 711 2957 iu
730 2908 842 2972 Lipeinm
854 2909 939 2971 potius
955 2917 982 2958 ct
995 2909 1117 2965 Plinium,
1129 2923 1203 2972 quarn
1215 2907 1377 2965 Suetonium,

287 2985 459 3048 conveniunt)
470 2987 652 3039 liniiucinetum
664 2987 764 3040 scribit.
796 2987 932 3038 Quomodo
943 2990 1024 3050 ergo?
1040 2987 1048 3014 ‘
1061 2989 1138 3038 Ceiur
1149 2986 1217 3042 ulio,'
1230 2987 1339 3051 iuquit‚‘
1349 2988 1374 3036 itt

286 3065 343 3113 loco
356 3065 465 3128 genitur,
476 3066 526 3114 olio
538 3066 565 3116 iu
580 3068 636 3116 loco
653 3076 738 3117 uuttto.
770 3067 865 3116 Incidit
884 3068 937 3130 ejue
955 3069 1042 3118 nutele
1059 3069 1084 3116 in
1102 3068 1170 3116 dicut
1188 3068 1304 3116 ultimum
1323 3065 1373 3115 Au·

288 3145 356 3209 guoti
369 3145 472 3202 nteneit.
483 3145 634 3195 Germanico
652 3153 680 3194 et
696 3147 805 3196 Fonteio
822 3146 893 3196 eon.
910 3147 1019 3210 ideoque
1038 3162 1125 3196 mente
1143 3147 1247 3197 circiter
1266 3147 1374 3195 Octobri

287 3225 350 3290 enni*
359 3224 549 3288 rutecedentit,
559 3240 608 3290 qno
621 3226 791 3276 Germuuicue
803 3225 885 3276 edituo
898 3227 923 3274 in
932 3227 1072 3276 Germanic
1084 3235 1151 3288 eret,
1160 3233 1310 3290 procreetur
1322 3234 1375 3275 ert:

286 3303 376 3368 ticqrie
388 3313 509 3353 occttrote
524 3305 628 3354 'l'ecituo
646 3307 693 3368 uit,
704 3307 770 3356 liutto
781 3307 808 3354 in
819 3309 913 3356 cutrin
924 3308 1047 3370 genitum,
1059 3314 1086 3356 et
1098 3309 1123 3354 in
1134 3307 1305 3356 coutubernio
1317 3306 1376 3368 legi-

288 3399 364 3434 onum
376 3383 507 3434 eductum.
542 3385 582 3434 Ex
598 3386 690 3450 quibui
707 3394 794 3435 temen
813 3387 897 3436 uerbis
916 3402 1051 3451 perpetem
1070 3386 1149 3435 iut'crt
1163 3388 1273 3450 Lipsius,
1286 3384 1373 3434 cuinti-

288 3478 371 3514 maroe
389 3465 516 3526 Tacitum,
536 3465 562 3512 in
582 3466 724 3515 Germanic
740 3467 829 3516 Ceiunt
847 3476 936 3516 nutum
954 3481 1019 3516 ecee.
1052 3467 1181 3516 Versicuti
1198 3481 1260 3515 vero
1278 3464 1376 3514 laudati

287 3556 370 3608 neque
388 3543 423 3603 ei,
440 3558 523 3607 neque
542 3545 628 3594 Plinio
645 3544 743 3594 favent.
777 3545 808 3594 In
826 3547 918 3595 cestrie
935 3546 1002 3594 cuim
1020 3554 1096 3596 uetus
1112 3545 1179 3594 idern
1198 3553 1248 3609 ert,
1263 3544 1332 3610 quod
1348 3545 1374 3594 itt

288 3623 382 3672 enutrit
404 3624 514 3685 genitus,
541 3623 669 3686 quomodo
688 3641 732 3674 eor
751 3625 894 3688 dirttipotoe
913 3627 1042 3682 cxirtiroo,
1064 3626 1208 3690 qniburquc
1226 3625 1311 3674 verbis
1331 3639 1374 3674 eor

288 3703 392 3767 Lipsius
405 3705 514 3766 iprcmet
525 3703 648 3752 exhibet)
682 3705 758 3754 Nure
774 3719 834 3754 tutte
852 3705 901 3754 itte
919 3706 994 3767 rolin,
1011 3716 1039 3755 et
1056 3707 1128 3754 miro.
1161 3707 1231 3770 Ergo
1244 3705 1307 3769 jem.
1325 3719 1375 3754 nou

289 3784 332 3834 nbi
344 3785 396 3832 oeli
408 3784 521 3832 illuetree
534 3784 580 3832 viri
591 3791 619 3832 et
630 3783 825 3848 principor,red
835 3786 878 3834 ulti
890 3787 1009 3849 concepti
1020 3787 1080 3844 rint,
1092 3786 1333 3836 commemorabitur
1343 3785 1376 3834 ob

289 3865 426 3914 Historicie
438 3871 465 3913 et
478 3864 585 3913 Poetis?
601 3871 629 3912 et
640 3866 730 3927 tulgus
746 3866 923 3926 conceptionis
938 3873 1040 3929 temptte
1055 3866 1225 3929 computabit,
1244 3873 1272 3914 ut
1289 3867 1314 3914 iu
1326 3866 1378 3914 lou·

288 3946 363 3994 diune
383 3945 510 3994 hontinunt
530 3945 758 3993 commemoretur?
783 3945 855 3994 Nihil
874 3946 925 3994 ridi
944 3947 1034 4009 mugit.
1068 3947 1140 3996 Niirii
1156 3946 1241 3995 dicem
1260 3945 1377 4007 emplius.

289 4026 357 4074 Num
370 4027 468 4074 renitor
486 4025 589 4074 rotiouie
608 4025 680 4087 hujus
698 4039 745 4088 per
763 4040 791 4074 ce
804 4033 883 4088 petet.
917 4025 1005 4089 Atque
1016 4027 1093 4075 etium
1102 4025 1196 4087 genitor
1206 4024 1274 4088 opud
1286 4025 1376 4073 Sueto·

289 4103 358 4152 nium
377 4109 525 4165 euronotus,
543 4105 599 4153 aliie
621 4105 682 4154 tocie
703 4105 790 4154 doceri
812 4113 905 4169 putent.
938 4106 1026 4156 Tiber.
1039 4121 1062 4154 c.
1080 4111 1104 4153 d.
1121 4106 1239 4154 ‘Servilii
1258 4105 1375 4168 Isaurici,

289 4181 446 4248 Autouiique
464 4186 599 4237 consulttu
617 4187 732 4248 genitum
748 4185 883 4236 scribunt!
917 4187 1038 4237 Ceterum
1056 4187 1124 4251 quod
1136 4193 1253 4236 cetorum
1265 4187 1375 4236 atteteri-
