<?xml version="1.0" encoding="UTF-8"?>
<!DOCTYPE html PUBLIC "-//W3C//DTD XHTML 1.0 Transitional//EN"
    "http://www.w3.org/TR/xhtml1/DTD/xhtml1-transitional.dtd">
<html xmlns="http://www.w3.org/1999/xhtml" xml:lang="en" lang="en">
 <head>
  <title>
</title>
<meta http-equiv="Content-Type" content="text/html;charset=utf-8" />
  <meta name='ocr-system' content='tesseract 3.04.00' />
  <meta name='ocr-capabilities' content='ocr_page ocr_carea ocr_par ocr_line ocrx_word'/>
</head>
<body>
  <div class='ocr_page' id='page_1' title='image "./operaomniaexedi01suetgoog/operaomniaexedi01suetgoog_0525.png"; bbox 0 0 3118 4852; ppageno 0'>
   <div class='ocr_carea' id='block_1_1' title="bbox 604 323 1272 454">
    <p class='ocr_par' dir='ltr' id='par_1_1' title="bbox 604 323 1272 454">
     <span class='ocr_line' id='line_1_1' title="bbox 604 323 1272 454; baseline 0 -34"><span class='ocrx_word' id='word_1_1' title='bbox 604 371 849 422; x_wconf 69' lang='lat' dir='ltr'><strong>calonnam.</strong></span> <span class='ocrx_word' id='word_1_2' title='bbox 1014 437 1022 454; x_wconf 27' lang='grc' dir='ltr'>ι</span> <span class='ocrx_word' id='word_1_3' title='bbox 1187 323 1272 420; x_wconf 68' lang='lat'>11&#39;45</span> 
     </span>
    </p>
   </div>
   <div class='ocr_carea' id='block_1_2' title="bbox 175 507 1271 2706">
    <p class='ocr_par' dir='ltr' id='par_1_2' title="bbox 175 507 1271 2706">
     <span class='ocr_line' id='line_1_2' title="bbox 183 507 1271 595; baseline -0.001 -17"><span class='ocrx_word' id='word_1_4' title='bbox 183 531 285 592; x_wconf 84' lang='lat' dir='ltr'><strong>mare,</strong></span> <span class='ocrx_word' id='word_1_5' title='bbox 294 519 328 578; x_wconf 87' lang='lat' dir='ltr'><strong>ct</strong></span> <span class='ocrx_word' id='word_1_6' title='bbox 338 512 488 578; x_wconf 85' lang='lat' dir='ltr'><strong>Siculum</strong></span> <span class='ocrx_word' id='word_1_7' title='bbox 503 521 538 578; x_wconf 88' lang='lat' dir='ltr'><strong>et</strong></span> <span class='ocrx_word' id='word_1_8' title='bbox 552 510 754 578; x_wconf 86' lang='lat' dir='ltr'><strong>Gaditanum</strong></span> <span class='ocrx_word' id='word_1_9' title='bbox 769 507 852 591; x_wconf 82' lang='lat' dir='ltr'><strong>(lle.</strong></span> <span class='ocrx_word' id='word_1_10' title='bbox 863 508 1087 595; x_wconf 74' lang='lat' dir='ltr'><strong>(lucillianum)</strong></span> <span class='ocrx_word' id='word_1_11' title='bbox 1101 511 1271 578; x_wconf 81' lang='lat' dir='ltr'><strong>AEetoaria</strong></span> 
     </span>
     <span class='ocr_line' id='line_1_3' title="bbox 184 611 1268 696; baseline -0.004 -16"><span class='ocrx_word' id='word_1_12' title='bbox 184 622 264 680; x_wconf 80' lang='lat' dir='ltr'><strong>scot</strong></span> <span class='ocrx_word' id='word_1_13' title='bbox 282 613 404 691; x_wconf 86' lang='lat' dir='ltr'><strong>omnia,</strong></span> <span class='ocrx_word' id='word_1_14' title='bbox 425 633 484 696; x_wconf 81' lang='lat' dir='ltr'><strong>per</strong></span> <span class='ocrx_word' id='word_1_15' title='bbox 502 633 579 696; x_wconf 83' lang='lat' dir='ltr'><strong>qnae</strong></span> <span class='ocrx_word' id='word_1_16' title='bbox 594 632 686 678; x_wconf 82' lang='lat' dir='ltr'><strong>mere</strong></span> <span class='ocrx_word' id='word_1_17' title='bbox 701 612 848 678; x_wconf 81' lang='lat' dir='ltr'><strong>vicissim</strong></span> <span class='ocrx_word' id='word_1_18' title='bbox 863 618 931 678; x_wconf 85' lang='lat' dir='ltr'><strong>tnm</strong></span> <span class='ocrx_word' id='word_1_19' title='bbox 955 613 1083 678; x_wconf 85' lang='lat' dir='ltr'><strong>accedit</strong></span> <span class='ocrx_word' id='word_1_20' title='bbox 1096 611 1179 692; x_wconf 85' lang='lat' dir='ltr'><strong>(Me.</strong></span> <span class='ocrx_word' id='word_1_21' title='bbox 1194 613 1268 676; x_wconf 86' lang='lat' dir='ltr'><strong>occi-</strong></span> 
     </span>
     <span class='ocr_line' id='line_1_4' title="bbox 182 712 1269 798; baseline 0.002 -22"><span class='ocrx_word' id='word_1_22' title='bbox 182 713 243 792; x_wconf 76' lang='lat' dir='ltr'><strong>dit)</strong></span> <span class='ocrx_word' id='word_1_23' title='bbox 257 720 327 779; x_wconf 90' lang='lat' dir='ltr'><strong>tnm</strong></span> <span class='ocrx_word' id='word_1_24' title='bbox 349 714 482 780; x_wconf 82' lang='lat' dir='ltr'><strong>recedit.</strong></span> <span class='ocrx_word' id='word_1_25' title='bbox 526 714 640 778; x_wconf 82' lang='lat' dir='ltr'><strong>Altum</strong></span> <span class='ocrx_word' id='word_1_26' title='bbox 655 716 787 796; x_wconf 84' lang='lat' dir='ltr'><strong>proprie</strong></span> <span class='ocrx_word' id='word_1_27' title='bbox 807 733 899 778; x_wconf 84' lang='lat' dir='ltr'><strong>mare</strong></span> <span class='ocrx_word' id='word_1_28' title='bbox 918 713 1126 798; x_wconf 85' lang='lat' dir='ltr'><strong>profundam.</strong></span> <span class='ocrx_word' id='word_1_29' title='bbox 1169 712 1269 779; x_wconf 86' lang='lat' dir='ltr'><strong>Vada</strong></span> 
     </span>
     <span class='ocr_line' id='line_1_5' title="bbox 182 812 1267 899; baseline -0.002 -21"><span class='ocrx_word' id='word_1_30' title='bbox 182 814 264 894; x_wconf 79' lang='lat' dir='ltr'><strong>(Mo.</strong></span> <span class='ocrx_word' id='word_1_31' title='bbox 278 819 374 899; x_wconf 81' lang='lat' dir='ltr'><strong>cogo)</strong></span> <span class='ocrx_word' id='word_1_32' title='bbox 397 815 519 898; x_wconf 84' lang='lat' dir='ltr'><strong>quibus</strong></span> <span class='ocrx_word' id='word_1_33' title='bbox 533 815 566 878; x_wconf 92' lang='lat' dir='ltr'><strong>in</strong></span> <span class='ocrx_word' id='word_1_34' title='bbox 589 814 671 878; x_wconf 84' lang='lat' dir='ltr'><strong>mari</strong></span> <span class='ocrx_word' id='word_1_35' title='bbox 693 819 804 896; x_wconf 84' lang='lat' dir='ltr'><strong>potest</strong></span> <span class='ocrx_word' id='word_1_36' title='bbox 824 815 916 891; x_wconf 83' lang='lat' dir='ltr'><strong>stari,</strong></span> <span class='ocrx_word' id='word_1_37' title='bbox 930 833 1007 898; x_wconf 81' lang='lat' dir='ltr'><strong>quae</strong></span> <span class='ocrx_word' id='word_1_38' title='bbox 1023 812 1184 894; x_wconf 80' lang='lat' dir='ltr'><strong>Virgilius</strong></span> <span class='ocrx_word' id='word_1_39' title='bbox 1196 813 1267 876; x_wconf 72' lang='lat' dir='ltr'><strong>brc-</strong></span> 
     </span>
     <span class='ocr_line' id='line_1_6' title="bbox 181 912 1268 998; baseline 0 -20"><span class='ocrx_word' id='word_1_40' title='bbox 181 916 237 979; x_wconf 84' lang='lat' dir='ltr'><strong>via</strong></span> <span class='ocrx_word' id='word_1_41' title='bbox 254 915 417 998; x_wconf 82' lang='lat' dir='ltr'><strong>appellat,</strong></span> <span class='ocrx_word' id='word_1_42' title='bbox 442 935 519 997; x_wconf 83' lang='lat' dir='ltr'><strong>quae</strong></span> <span class='ocrx_word' id='word_1_43' title='bbox 542 913 656 978; x_wconf 82' lang='lat' dir='ltr'><strong>eadem</strong></span> <span class='ocrx_word' id='word_1_44' title='bbox 672 912 786 982; x_wconf 84' lang='lat' dir='ltr'><strong>Graeci</strong></span> <span class='ocrx_word' id='word_1_45' title='bbox 810 915 955 980; x_wconf 85' lang='lat' dir='ltr'><strong>brachia.</strong></span> <span class='ocrx_word' id='word_1_46' title='bbox 1000 915 1101 978; x_wconf 84' lang='lat' dir='ltr'><strong>Sinus</strong></span> <span class='ocrx_word' id='word_1_47' title='bbox 1125 914 1268 996; x_wconf 82' lang='lat' dir='ltr'><strong>an&#39;orce</strong></span> 
     </span>
     <span class='ocr_line' id='line_1_7' title="bbox 181 1013 1266 1099; baseline -0.001 -20"><span class='ocrx_word' id='word_1_48' title='bbox 181 1033 332 1079; x_wconf 82' lang='lat' dir='ltr'>recessus</span> <span class='ocrx_word' id='word_1_49' title='bbox 352 1016 454 1079; x_wconf 85' lang='lat' dir='ltr'><strong>maris</strong></span> <span class='ocrx_word' id='word_1_50' title='bbox 483 1015 650 1091; x_wconf 82' lang='lat' dir='ltr'><strong>dicuntur,</strong></span> <span class='ocrx_word' id='word_1_51' title='bbox 666 1017 703 1076; x_wconf 89' lang='lat' dir='ltr'><strong>ut</strong></span> <span class='ocrx_word' id='word_1_52' title='bbox 727 1013 884 1099; x_wconf 84' lang='lat' dir='ltr'><strong>Caspius,</strong></span> <span class='ocrx_word' id='word_1_53' title='bbox 904 1015 1082 1089; x_wconf 81' lang='lat' dir='ltr'><strong>Arabicae,</strong></span> <span class='ocrx_word' id='word_1_54' title='bbox 1106 1013 1266 1080; x_wconf 81' lang='lat' dir='ltr'><strong>Indicus:</strong></span> 
     </span>
     <span class='ocr_line' id='line_1_8' title="bbox 180 1114 1266 1201; baseline 0.002 -21"><span class='ocrx_word' id='word_1_55' title='bbox 180 1118 323 1201; x_wconf 84' lang='lat' dir='ltr'><strong>majores</strong></span> <span class='ocrx_word' id='word_1_56' title='bbox 339 1123 451 1181; x_wconf 86' lang='lat' dir='ltr'><strong>antem</strong></span> <span class='ocrx_word' id='word_1_57' title='bbox 466 1115 588 1197; x_wconf 81' lang='lat' dir='ltr'><strong>anguli,</strong></span> <span class='ocrx_word' id='word_1_58' title='bbox 603 1121 643 1178; x_wconf 89' lang='lat' dir='ltr'><strong>ut</strong></span> <span class='ocrx_word' id='word_1_59' title='bbox 657 1114 852 1192; x_wconf 82' lang='lat' dir='ltr'><strong>Paestanus,</strong></span> <span class='ocrx_word' id='word_1_60' title='bbox 869 1115 1050 1193; x_wconf 81' lang='lat' dir='ltr'><strong>Matrestee,</strong></span> <span class='ocrx_word' id='word_1_61' title='bbox 1061 1114 1266 1201; x_wconf 75' lang='lat' dir='ltr'><strong>Amyclanus</strong></span> 
     </span>
     <span class='ocr_line' id='line_1_9' title="bbox 181 1215 1266 1284; baseline 0.003 -4"><span class='ocrx_word' id='word_1_62' title='bbox 181 1223 213 1280; x_wconf 84' lang='lat' dir='ltr'><strong>ct</strong></span> <span class='ocrx_word' id='word_1_63' title='bbox 239 1219 364 1282; x_wconf 83' lang='lat' dir='ltr'><strong>similes</strong></span> <span class='ocrx_word' id='word_1_64' title='bbox 383 1219 519 1281; x_wconf 86' lang='lat' dir='ltr'><strong>nomina</strong></span> <span class='ocrx_word' id='word_1_65' title='bbox 539 1217 639 1280; x_wconf 85' lang='lat' dir='ltr'><strong>maris</strong></span> <span class='ocrx_word' id='word_1_66' title='bbox 666 1215 834 1280; x_wconf 78' lang='lat' dir='ltr'><strong>dixerunt.</strong></span> <span class='ocrx_word' id='word_1_67' title='bbox 879 1216 1015 1280; x_wconf 79' lang='lat' dir='ltr'><strong>Flnstra</strong></span> <span class='ocrx_word' id='word_1_68' title='bbox 1037 1224 1150 1280; x_wconf 77' lang='lat' dir='ltr'><strong>motus</strong></span> <span class='ocrx_word' id='word_1_69' title='bbox 1163 1219 1266 1284; x_wconf 80' lang='lat' dir='ltr'><strong>mario</strong></span> 
     </span>
     <span class='ocr_line' id='line_1_10' title="bbox 180 1313 1265 1402; baseline -0.001 -21"><span class='ocrx_word' id='word_1_70' title='bbox 180 1317 253 1381; x_wconf 83' lang='lat' dir='ltr'><strong>eine</strong></span> <span class='ocrx_word' id='word_1_71' title='bbox 265 1323 461 1400; x_wconf 79' lang='lat' dir='ltr'><strong>tempestate</strong></span> <span class='ocrx_word' id='word_1_72' title='bbox 474 1316 676 1382; x_wconf 83' lang='lat' dir='ltr'><strong>fluctuantis.</strong></span> <span class='ocrx_word' id='word_1_73' title='bbox 714 1313 858 1380; x_wconf 82' lang='lat' dir='ltr'><strong>Noevine</strong></span> <span class='ocrx_word' id='word_1_74' title='bbox 870 1315 903 1378; x_wconf 93' lang='lat' dir='ltr'><strong>in</strong></span> <span class='ocrx_word' id='word_1_75' title='bbox 916 1316 1008 1380; x_wconf 88' lang='lat' dir='ltr'><strong>bello</strong></span> <span class='ocrx_word' id='word_1_76' title='bbox 1023 1314 1167 1380; x_wconf 85' lang='lat' dir='ltr'><strong>Poenico</strong></span> <span class='ocrx_word' id='word_1_77' title='bbox 1180 1316 1265 1402; x_wconf 80' lang='lat' dir='ltr'><strong>(Me.</strong></span> 
     </span>
     <span class='ocr_line' id='line_1_11' title="bbox 181 1414 1263 1500; baseline 0.003 -21"><span class='ocrx_word' id='word_1_78' title='bbox 181 1415 330 1499; x_wconf 83' lang='lat' dir='ltr'><strong>Pontico)</strong></span> <span class='ocrx_word' id='word_1_79' title='bbox 348 1419 381 1481; x_wconf 91' lang='lat' dir='ltr'><strong>in</strong></span> <span class='ocrx_word' id='word_1_80' title='bbox 400 1417 617 1500; x_wconf 79' lang='lat' dir='ltr'><strong>inscriptione</strong></span> <span class='ocrx_word' id='word_1_81' title='bbox 631 1414 721 1498; x_wconf 86' lang='lat' dir='ltr'><strong>quod</strong></span> <span class='ocrx_word' id='word_1_82' title='bbox 739 1416 795 1492; x_wconf 86' lang='lat' dir='ltr'><strong>ait,</strong></span> <span class='ocrx_word' id='word_1_83' title='bbox 817 1415 1020 1480; x_wconf 79' lang='lat' dir='ltr'><strong>‘honerariae</strong></span> <span class='ocrx_word' id='word_1_84' title='bbox 1034 1416 1183 1482; x_wconf 72' lang='lat' dir='ltr'><strong>honusta</strong></span> <span class='ocrx_word' id='word_1_85' title='bbox 1198 1425 1263 1482; x_wconf 83' lang='lat' dir='ltr'><strong>stn-</strong></span> 
     </span>
     <span class='ocr_line' id='line_1_12' title="bbox 179 1515 1263 1595; baseline 0 -14"><span class='ocrx_word' id='word_1_86' title='bbox 179 1518 262 1582; x_wconf 86' lang='lat' dir='ltr'><strong>bant</strong></span> <span class='ocrx_word' id='word_1_87' title='bbox 276 1518 309 1580; x_wconf 90' lang='lat' dir='ltr'><strong>in</strong></span> <span class='ocrx_word' id='word_1_88' title='bbox 328 1515 477 1593; x_wconf 60' lang='lat' dir='ltr'><strong>ilustris:</strong></span> <span class='ocrx_word' id='word_1_89' title='bbox 497 1523 536 1579; x_wconf 91' lang='lat' dir='ltr'><strong>ut</strong></span> <span class='ocrx_word' id='word_1_90' title='bbox 552 1517 581 1579; x_wconf 84' lang='lat' dir='ltr'><strong>ni</strong></span> <span class='ocrx_word' id='word_1_91' title='bbox 605 1515 732 1580; x_wconf 83' lang='lat' dir='ltr'><strong>diceret</strong></span> <span class='ocrx_word' id='word_1_92' title='bbox 750 1517 784 1580; x_wconf 92' lang='lat' dir='ltr'><strong>in</strong></span> <span class='ocrx_word' id='word_1_93' title='bbox 808 1516 880 1580; x_wconf 84' lang='lat' dir='ltr'><strong>salo</strong></span> <span class='ocrx_word' id='word_1_94' title='bbox 899 1515 980 1595; x_wconf 83' lang='lat' dir='ltr'>(Ms.</span> <span class='ocrx_word' id='word_1_95' title='bbox 997 1515 1096 1592; x_wconf 86' lang='lat' dir='ltr'><strong>Solo.)</strong></span> <span class='ocrx_word' id='word_1_96' title='bbox 1139 1515 1263 1595; x_wconf 85' lang='lat' dir='ltr'><strong>Moles,</strong></span> 
     </span>
     <span class='ocr_line' id='line_1_13' title="bbox 179 1614 1264 1702; baseline -0.002 -20"><span class='ocrx_word' id='word_1_97' title='bbox 179 1638 254 1702; x_wconf 84' lang='lat' dir='ltr'><strong>qnae</strong></span> <span class='ocrx_word' id='word_1_98' title='bbox 270 1618 414 1682; x_wconf 82' lang='lat' dir='ltr'><strong>eminent</strong></span> <span class='ocrx_word' id='word_1_99' title='bbox 428 1625 463 1680; x_wconf 85' lang='lat' dir='ltr'><strong>ct</strong></span> <span class='ocrx_word' id='word_1_100' title='bbox 477 1621 674 1699; x_wconf 82' lang='lat' dir='ltr'><strong>procurrant</strong></span> <span class='ocrx_word' id='word_1_101' title='bbox 688 1618 783 1694; x_wconf 85' lang='lat' dir='ltr'><strong>mari,</strong></span> <span class='ocrx_word' id='word_1_102' title='bbox 798 1616 974 1700; x_wconf 86' lang='lat' dir='ltr'><strong>dequibus</strong></span> <span class='ocrx_word' id='word_1_103' title='bbox 990 1614 1162 1681; x_wconf 80' lang='lat' dir='ltr'><strong>Pacuvius</strong></span> <span class='ocrx_word' id='word_1_104' title='bbox 1178 1617 1264 1702; x_wconf 89' lang='lat' dir='ltr'><strong>(Ms.</strong></span> 
     </span>
     <span class='ocr_line' id='line_1_14' title="bbox 179 1715 1262 1794; baseline 0.001 -13"><span class='ocrx_word' id='word_1_105' title='bbox 179 1715 358 1794; x_wconf 74' lang='lat' dir='ltr'><strong>Fauentiae)</strong></span> <span class='ocrx_word' id='word_1_106' title='bbox 380 1718 441 1794; x_wconf 88' lang='lat' dir='ltr'><strong>ait,</strong></span> <span class='ocrx_word' id='word_1_107' title='bbox 468 1721 604 1782; x_wconf 80' lang='lat' dir='ltr'><strong>‘omnes</strong></span> <span class='ocrx_word' id='word_1_108' title='bbox 631 1719 775 1782; x_wconf 85' lang='lat' dir='ltr'><strong>latebras</strong></span> <span class='ocrx_word' id='word_1_109' title='bbox 804 1718 947 1782; x_wconf 83' lang='lat' dir='ltr'><strong>snblaetu</strong></span> <span class='ocrx_word' id='word_1_110' title='bbox 977 1717 1063 1781; x_wconf 89' lang='lat' dir='ltr'><strong>mole</strong></span> <span class='ocrx_word' id='word_1_111' title='bbox 1088 1718 1262 1782; x_wconf 79' lang='lat' dir='ltr'><strong>abstrusas</strong></span> 
     </span>
     <span class='ocr_line' id='line_1_15' title="bbox 179 1803 1261 1900; baseline -0.002 -16"><span class='ocrx_word' id='word_1_112' title='bbox 179 1819 291 1884; x_wconf 72' lang='lat' dir='ltr'><strong>sinus!</strong></span> <span class='ocrx_word' id='word_1_113' title='bbox 325 1817 444 1883; x_wconf 76' lang='lat' dir='ltr'><strong>Caecus</strong></span> <span class='ocrx_word' id='word_1_114' title='bbox 458 1816 581 1881; x_wconf 81' lang='lat' dir='ltr'><strong>flnctus</strong></span> <span class='ocrx_word' id='word_1_115' title='bbox 596 1803 717 1893; x_wconf 78' lang='lat' dir='ltr'><strong>tamen,</strong></span> <span class='ocrx_word' id='word_1_116' title='bbox 731 1837 791 1882; x_wconf 89' lang='lat' dir='ltr'><strong>neo</strong></span> <span class='ocrx_word' id='word_1_117' title='bbox 802 1817 877 1882; x_wconf 88' lang='lat' dir='ltr'><strong>dnm</strong></span> <span class='ocrx_word' id='word_1_118' title='bbox 889 1824 998 1882; x_wconf 86' lang='lat' dir='ltr'><strong>lamen</strong></span> <span class='ocrx_word' id='word_1_119' title='bbox 1010 1837 1126 1889; x_wconf 80' lang='lat' dir='ltr'><strong>canus,</strong></span> <span class='ocrx_word' id='word_1_120' title='bbox 1140 1817 1181 1884; x_wconf 86' lang='lat' dir='ltr'><strong>de</strong></span> <span class='ocrx_word' id='word_1_121' title='bbox 1195 1838 1261 1900; x_wconf 86' lang='lat' dir='ltr'><strong>quo</strong></span> 
     </span>
     <span class='ocr_line' id='line_1_16' title="bbox 179 1916 1263 2004; baseline -0.002 -20"><span class='ocrx_word' id='word_1_122' title='bbox 179 1919 363 2004; x_wconf 77' lang='lat' dir='ltr'><strong>Atta(n1s.</strong></span> <span class='ocrx_word' id='word_1_123' title='bbox 380 1916 469 2000; x_wconf 83' lang='lat' dir='ltr'><strong>coto)</strong></span> <span class='ocrx_word' id='word_1_124' title='bbox 488 1918 521 1982; x_wconf 90' lang='lat' dir='ltr'><strong>in</strong></span> <span class='ocrx_word' id='word_1_125' title='bbox 542 1923 654 2001; x_wconf 83' lang='lat' dir='ltr'><strong>togata</strong></span> <span class='ocrx_word' id='word_1_126' title='bbox 668 1919 718 1984; x_wconf 89' lang='lat' dir='ltr'><strong>sio</strong></span> <span class='ocrx_word' id='word_1_127' title='bbox 741 1920 810 1982; x_wconf 85' lang='lat' dir='ltr'><strong>ait:</strong></span> <span class='ocrx_word' id='word_1_128' title='bbox 833 1923 843 1956; x_wconf 85' lang='lat'>‘</span> <span class='ocrx_word' id='word_1_129' title='bbox 858 1918 994 2000; x_wconf 81' lang='lat' dir='ltr'><strong>Populo</strong></span> <span class='ocrx_word' id='word_1_130' title='bbox 1016 1917 1134 1982; x_wconf 86' lang='lat' dir='ltr'><strong>fluctos</strong></span> <span class='ocrx_word' id='word_1_131' title='bbox 1151 1936 1263 1982; x_wconf 75' lang='lat' dir='ltr'><strong>caecos</strong></span> 
     </span>
     <span class='ocr_line' id='line_1_17' title="bbox 177 2016 1261 2101; baseline -0.004 -17"><span class='ocrx_word' id='word_1_132' title='bbox 177 2021 306 2084; x_wconf 83' lang='lat' dir='ltr'><strong>faciunt</strong></span> <span class='ocrx_word' id='word_1_133' title='bbox 329 2038 389 2101; x_wconf 80' lang='lat' dir='ltr'><strong>per</strong></span> <span class='ocrx_word' id='word_1_134' title='bbox 408 2016 637 2098; x_wconf 80' lang='lat' dir='ltr'><strong>discordiam3’</strong></span> <span class='ocrx_word' id='word_1_135' title='bbox 658 2026 692 2081; x_wconf 85' lang='lat' dir='ltr'><strong>et</strong></span> <span class='ocrx_word' id='word_1_136' title='bbox 714 2016 887 2100; x_wconf 75' lang='lat' dir='ltr'><strong>Augustus</strong></span> <span class='ocrx_word' id='word_1_137' title='bbox 912 2017 981 2082; x_wconf 87' lang='lat' dir='ltr'><strong>ait:</strong></span> <span class='ocrx_word' id='word_1_138' title='bbox 1003 2022 1089 2080; x_wconf 82' lang='lat' dir='ltr'><strong>‘non</strong></span> <span class='ocrx_word' id='word_1_139' title='bbox 1109 2017 1261 2082; x_wconf 81' lang='lat' dir='ltr'><strong>vonimus</strong></span> 
     </span>
     <span class='ocr_line' id='line_1_18' title="bbox 177 2115 1261 2201; baseline -0.002 -17"><span class='ocrx_word' id='word_1_140' title='bbox 177 2119 370 2201; x_wconf 81' lang='lat' dir='ltr'><strong>Neapolim,</strong></span> <span class='ocrx_word' id='word_1_141' title='bbox 396 2117 502 2182; x_wconf 86' lang='lat' dir='ltr'><strong>fluctu</strong></span> <span class='ocrx_word' id='word_1_142' title='bbox 525 2118 659 2200; x_wconf 85' lang='lat' dir='ltr'><strong>quidem</strong></span> <span class='ocrx_word' id='word_1_143' title='bbox 685 2117 801 2183; x_wconf 69' lang='lat' dir='ltr'><strong>ceco!</strong></span> <span class='ocrx_word' id='word_1_144' title='bbox 844 2119 968 2194; x_wconf 83' lang='lat' dir='ltr'><strong>Littce,</strong></span> <span class='ocrx_word' id='word_1_145' title='bbox 993 2115 1151 2200; x_wconf 88' lang='lat' dir='ltr'><strong>quicquid</strong></span> <span class='ocrx_word' id='word_1_146' title='bbox 1173 2137 1261 2200; x_wconf 84' lang='lat' dir='ltr'><strong>aqua</strong></span> 
     </span>
     <span class='ocr_line' id='line_1_19' title="bbox 177 2216 1260 2302; baseline -0.001 -20"><span class='ocrx_word' id='word_1_147' title='bbox 177 2219 320 2284; x_wconf 84' lang='lat' dir='ltr'><strong>alluitur.</strong></span> <span class='ocrx_word' id='word_1_148' title='bbox 379 2218 515 2282; x_wconf 89' lang='lat' dir='ltr'><strong>Flumen</strong></span> <span class='ocrx_word' id='word_1_149' title='bbox 551 2221 657 2283; x_wconf 79' lang='lat' dir='ltr'><strong>omnia</strong></span> <span class='ocrx_word' id='word_1_150' title='bbox 695 2218 823 2296; x_wconf 86' lang='lat' dir='ltr'><strong>humor,</strong></span> <span class='ocrx_word' id='word_1_151' title='bbox 852 2220 909 2302; x_wconf 88' lang='lat' dir='ltr'><strong>qui</strong></span> <span class='ocrx_word' id='word_1_152' title='bbox 937 2219 992 2283; x_wconf 85' lang='lat' dir='ltr'><strong>vol</strong></span> <span class='ocrx_word' id='word_1_153' title='bbox 1019 2216 1147 2281; x_wconf 89' lang='lat' dir='ltr'><strong>modice</strong></span> <span class='ocrx_word' id='word_1_154' title='bbox 1174 2217 1260 2281; x_wconf 88' lang='lat' dir='ltr'><strong>fluit.</strong></span> 
     </span>
     <span class='ocr_line' id='line_1_20' title="bbox 176 2317 1260 2403; baseline -0.004 -18"><span class='ocrx_word' id='word_1_155' title='bbox 176 2321 320 2385; x_wconf 80' lang='lat' dir='ltr'><strong>Tomeos</strong></span> <span class='ocrx_word' id='word_1_156' title='bbox 332 2319 464 2396; x_wconf 85' lang='lat' dir='ltr'><strong>fluvios,</strong></span> <span class='ocrx_word' id='word_1_157' title='bbox 481 2319 540 2403; x_wconf 88' lang='lat' dir='ltr'><strong>qni</strong></span> <span class='ocrx_word' id='word_1_158' title='bbox 557 2339 578 2383; x_wconf 90' lang='lat' dir='ltr'><strong>a</strong></span> <span class='ocrx_word' id='word_1_159' title='bbox 604 2319 719 2403; x_wconf 84' lang='lat' dir='ltr'><strong>pluvia</strong></span> <span class='ocrx_word' id='word_1_160' title='bbox 733 2320 862 2396; x_wconf 84' lang='lat' dir='ltr'><strong>crescit,</strong></span> <span class='ocrx_word' id='word_1_161' title='bbox 879 2317 1030 2383; x_wconf 77' lang='lat' dir='ltr'><strong>siccitate</strong></span> <span class='ocrx_word' id='word_1_162' title='bbox 1052 2317 1210 2394; x_wconf 79' lang='lat' dir='ltr'><strong>torrescit,</strong></span> <span class='ocrx_word' id='word_1_163' title='bbox 1225 2317 1260 2381; x_wconf 78' lang='lat' dir='ltr'><strong>itl</strong></span> 
     </span>
     <span class='ocr_line' id='line_1_21' title="bbox 176 2418 1258 2503; baseline -0.006 -17"><span class='ocrx_word' id='word_1_164' title='bbox 176 2429 237 2497; x_wconf 84' lang='lat' dir='ltr'><strong>est,</strong></span> <span class='ocrx_word' id='word_1_165' title='bbox 252 2421 382 2498; x_wconf 81' lang='lat' dir='ltr'><strong>arescit,</strong></span> <span class='ocrx_word' id='word_1_166' title='bbox 397 2419 516 2503; x_wconf 87' lang='lat' dir='ltr'><strong>dequo</strong></span> <span class='ocrx_word' id='word_1_167' title='bbox 531 2420 701 2486; x_wconf 86' lang='lat' dir='ltr'><strong>Pacuvius</strong></span> <span class='ocrx_word' id='word_1_168' title='bbox 716 2422 776 2497; x_wconf 85' lang='lat' dir='ltr'><strong>ait,</strong></span> <span class='ocrx_word' id='word_1_169' title='bbox 792 2418 983 2483; x_wconf 84' lang='lat' dir='ltr'><strong>‘Flammeo</strong></span> <span class='ocrx_word' id='word_1_170' title='bbox 998 2435 1118 2500; x_wconf 88' lang='lat' dir='ltr'><strong>vapore</strong></span> <span class='ocrx_word' id='word_1_171' title='bbox 1130 2427 1258 2480; x_wconf 81' lang='lat' dir='ltr'><strong>torrens</strong></span> 
     </span>
     <span class='ocr_line' id='line_1_22' title="bbox 176 2517 1257 2600; baseline -0.005 -13"><span class='ocrx_word' id='word_1_172' title='bbox 176 2519 296 2587; x_wconf 71' lang='lat' dir='ltr'><strong>torret!</strong></span> <span class='ocrx_word' id='word_1_173' title='bbox 340 2518 438 2584; x_wconf 83' lang='lat' dir='ltr'><strong>Ostia</strong></span> <span class='ocrx_word' id='word_1_174' title='bbox 458 2521 569 2584; x_wconf 86' lang='lat' dir='ltr'><strong>exitus</strong></span> <span class='ocrx_word' id='word_1_175' title='bbox 588 2520 759 2585; x_wconf 84' lang='lat' dir='ltr'><strong>fluminum</strong></span> <span class='ocrx_word' id='word_1_176' title='bbox 783 2521 817 2582; x_wconf 91' lang='lat' dir='ltr'><strong>in</strong></span> <span class='ocrx_word' id='word_1_177' title='bbox 838 2538 938 2582; x_wconf 85' lang='lat' dir='ltr'><strong>mare.</strong></span> <span class='ocrx_word' id='word_1_178' title='bbox 981 2517 1073 2582; x_wconf 89' lang='lat' dir='ltr'><strong>Tolli</strong></span> <span class='ocrx_word' id='word_1_179' title='bbox 1096 2535 1257 2600; x_wconf 81' lang='lat' dir='ltr'><strong>aquarum</strong></span> 
     </span>
     <span class='ocr_line' id='line_1_23' title="bbox 175 2615 1256 2706; baseline -0.005 -20"><span class='ocrx_word' id='word_1_180' title='bbox 175 2622 355 2706; x_wconf 86' lang='lat' dir='ltr'><strong>projectus,</strong></span> <span class='ocrx_word' id='word_1_181' title='bbox 385 2620 501 2702; x_wconf 83' lang='lat' dir='ltr'><strong>quales</strong></span> <span class='ocrx_word' id='word_1_182' title='bbox 530 2627 606 2684; x_wconf 81' lang='lat' dir='ltr'><strong>sunt</strong></span> <span class='ocrx_word' id='word_1_183' title='bbox 634 2621 668 2683; x_wconf 88' lang='lat' dir='ltr'><strong>in</strong></span> <span class='ocrx_word' id='word_1_184' title='bbox 698 2620 825 2684; x_wconf 84' lang='lat' dir='ltr'><strong>Aniene</strong></span> <span class='ocrx_word' id='word_1_185' title='bbox 854 2619 938 2700; x_wconf 80' lang='lat' dir='ltr'><strong>(Me.</strong></span> <span class='ocrx_word' id='word_1_186' title='bbox 965 2617 1105 2694; x_wconf 60' lang='lat' dir='ltr'><strong>aetenae)</strong></span> <span class='ocrx_word' id='word_1_187' title='bbox 1123 2615 1256 2684; x_wconf 87' lang='lat' dir='ltr'><strong>flumine</strong></span> 
     </span>
    </p>
   </div>
   <div class='ocr_carea' id='block_1_3' title="bbox 177 2719 703 2805">
    <p class='ocr_par' dir='ltr' id='par_1_3' title="bbox 177 2719 703 2805">
     <span class='ocr_line' id='line_1_24' title="bbox 177 2719 703 2805; baseline -0.002 -19"><span class='ocrx_word' id='word_1_188' title='bbox 177 2741 275 2805; x_wconf 81' lang='lat' dir='ltr'><strong>quam</strong></span> <span class='ocrx_word' id='word_1_189' title='bbox 292 2741 329 2786; x_wconf 81' lang='lat' dir='ltr'><strong>sc</strong></span> <span class='ocrx_word' id='word_1_190' title='bbox 341 2721 489 2786; x_wconf 83' lang='lat' dir='ltr'><strong>maxima</strong></span> <span class='ocrx_word' id='word_1_191' title='bbox 503 2719 703 2802; x_wconf 81' lang='lat' dir='ltr'><strong>praecipitio.</strong></span> 
     </span>
    </p>
   </div>
   <div class='ocr_carea' id='block_1_4' title="bbox 0 0 1564 4852">
    <p class='ocr_par' dir='ltr' id='par_1_4' title="bbox 0 0 1564 4852">
     <span class='ocr_line' id='line_1_25' title="bbox 0 0 1564 4852; baseline 0 7"><span class='ocrx_word' id='word_1_192' title='bbox 0 0 1564 4852; x_wconf 95' lang='lat' dir='ltr'><strong> </strong></span> 
     </span>
    </p>
   </div>
  </div>
 </body>
</html>
