3056 4854
295 374 380 440 1196
580 381 587 394 ·
785 392 890 442 nasus

325 532 479 583 Tabularum
491 532 574 584 forma
585 534 622 585 ita
633 541 690 585 erut
702 534 845 600 elaborata,
855 545 884 588 ut
895 537 921 587 iu
933 551 1046 588 concavo
1056 535 1193 600 hemicycli
1205 537 1289 601 spatio
1301 539 1385 602 aptari

293 619 406 675 possent,
418 627 476 662 cum
487 615 592 664 aliarum
605 614 752 680 superficies
769 625 836 666 esset
857 618 942 682 plana,
959 626 1052 668 contra
1070 619 1248 667 nonnullarum
1260 633 1385 668 concava.

293 691 389 742 Liter'te
408 693 567 750 nundinales,
587 703 615 745 et
632 711 690 761 quse
707 697 800 747 variam
818 697 914 748 dlerum
935 700 1059 749 rationem
1080 699 1250 762 distinguunt,
1265 700 1384 748 maximas

292 778 362 834 sunt,
370 773 526 838 scalptoque
537 789 625 825 omues
636 776 834 840 elegantissime.
856 780 995 844 Elegantcs
1006 780 1084 829 etism
1097 787 1158 828 sunt
1169 780 1281 829 minores
1292 780 1384 834 litere.

291 850 382 914 quibua
392 865 465 902 sacra
481 869 618 921 eorumque
630 871 713 907 musso
724 864 752 907 et
763 859 820 908 alie
833 874 872 908 res
882 861 996 910 historice
1008 865 1137 922 notantur,
1149 858 1194 909 sed
1211 860 1288 908 variis
1300 861 1383 907 morsrs

292 929 407 980 formatas
418 932 452 983 ob
468 934 591 997 maiorem
609 936 764 986 minoremve
783 953 827 988 sen
839 945 957 988 notarum
969 940 1134 1002 brevitatem,
1146 953 1191 989 seu
1202 939 1251 989 loei
1264 940 1385 1002 smplitn·

293 1009 387 1072 ditrem,
396 1009 506 1061 fortasse
516 1014 594 1063 etiam
605 1014 637 1064 ob
648 1016 804 1080 sculptorum
816 1016 1000 1068 diversitatem.

325 1090 382 1140 Nec
394 1097 491 1140 temere
503 1099 612 1157 statuas,
623 1096 791 1160 hemicyclum
807 1098 862 1146 aliis
876 1099 1033 1149 ornamentis
1049 1098 1127 1150 fuisse
1139 1100 1303 1164 insignitum3
1319 1115 1383 1166 quo-

292 1170 359 1219 niam
370 1171 465 1222 circum
481 1174 536 1236 ejus
548 1175 667 1238 reliquias
677 1178 789 1240 plurium
801 1180 973 1228 columnarum
985 1187 1090 1244 reporta
1100 1188 1159 1229 sunt
1169 1179 1315 1244 fragmenta
1324 1195 1384 1230 com

291 1249 449 1311 quarundam
461 1266 657 1304 marmorearum
672 1256 824 1305 'l'abularum
841 1255 937 1321 frustis,
954 1259 979 1307 in
998 1259 1088 1323 quibus
1107 1260 1282 1310 nonnullorum
1301 1261 1384 1325 ipsius

291 1328 397 1379 colonie
407 1331 612 1397 magistratuum,
629 1333 715 1384 forsan
734 1336 813 1386 etiam
826 1337 936 1400 alicujus
947 1339 1048 1403 collegii
1061 1342 1163 1389 nomina
1175 1341 1273 1404 scripta
1284 1347 1386 1392 extant.

293 1408 395 1458 Etenim
407 1410 541 1462 illustrium
554 1428 583 1462 ac
592 1414 658 1464 benc
668 1415 700 1464 de
709 1417 810 1480 republ.
822 1420 974 1468 merentium
987 1419 1096 1470 virorum
1108 1430 1207 1471 statuas
1219 1423 1245 1470 in
1257 1423 1323 1471 Foro
1337 1437 1385 1486 po·

291 1501 361 1539 nere*
371 1491 532 1540 consuevisse
552 1494 717 1558 magistratus
737 1497 924 1564 Praenestinos,
940 1507 968 1549 et
982 1501 1069 1550 Lirim
1081 1507 1193 1552 testatur
1206 1515 1292 1553 xxrrr.
1302 1507 1342 1552 ltt.
1355 1510 1385 1552 et

292 1569 378 1629 plures
390 1571 557 1634 comprobant
569 1574 648 1636 tituli,
666 1590 699 1625 ex
719 1576 822 1628 basibus
842 1577 937 1629 ibidem
955 1583 1064 1645 repertis
1080 1582 1211 1646 descripti.
1244 1583 1301 1632 Has
1312 1583 1385 1632 inter

291 1653 442 1696 numeretur
459 1650 543 1700 Verrii
562 1651 640 1715 ipsius
659 1659 756 1719 ststua,
774 1663 865 1707 contra
886 1659 1054 1724 hemicyclum
1073 1661 1166 1723 posita,
1186 1661 1259 1725 quasi
1281 1661 1385 1712 Auctor

292 1727 447 1789 compositos
470 1743 485 1778 a
505 1745 532 1780 se
554 1732 642 1782 Festos
665 1738 834 1801 contemplari
856 1739 997 1789 videretur.
1030 1739 1117 1791 Quid?
1140 1741 1208 1804 quod
1230 1741 1308 1804 ipsius
1329 1743 1385 1792 loci

289 1803 411 1868 splendor
422 1806 516 1858 talibus
527 1814 682 1863 omameutis
694 1829 744 1864 non
756 1831 846 1880 parum
866 1818 1017 1882 augebatur.
1050 1821 1117 1870 Nam
1136 1821 1272 1870 Praeneste
1288 1835 1385 1870 venus-

290 1884 382 1935 tiorum
394 1887 522 1941 bominum
533 1893 697 1943 multitudine
707 1896 866 1948 celebratum
884 1913 942 1948 esse
954 1906 1066 1961 constat,
1076 1915 1133 1950 cum
1145 1901 1249 1950 aestiras
1262 1915 1321 1950 suas
1335 1902 1385 1952 ‹le-

290 1964 362 2014 licias
381 1967 507 2020 baberent
525 1972 643 2036 Romani,
660 1975 774 2040 ipsisque
791 1976 936 2027 Cesaribus
958 1980 1075 2042 placeret
1094 1979 1130 2029 ibi
1152 1981 1285 2030 rusticari:
1311 1981 1384 2031 unde

290 2043 366 2096 facile
382 2049 433 2099 erit
449 2049 482 2099 ad
501 2051 707 2117 intelligendum,
725 2057 908 2123 cujuscumque
926 2059 1029 2124 generis
1049 2060 1169 2125 operibus
1186 2066 1241 2111 tum
1252 2061 1285 2111 ad
1297 2075 1382 2118 usum,

291 2129 345 2175 tum
356 2127 388 2176 ad
397 2129 557 2192 splendorem
569 2141 597 2184 et
608 2135 776 2200 uoluptatem,
788 2145 890 2188 auctum
904 2153 961 2190 esse
973 2147 1052 2206 atque
1063 2149 1191 2191 ornatum.

322 2205 414 2269 Porro,
429 2216 457 2259 nt
471 2211 528 2275 ipss
538 2213 627 2263 borum
645 2216 779 2267 Fastorum
796 2220 863 2268 ratio
879 2219 1047 2286 intelligatur,
1059 2220 1200 2271 tenendum
1211 2225 1261 2286 est,
1272 2237 1316 2272 eos
1327 2237 1382 2273 non

290 2299 364 2335 secus
380 2301 410 2337 ac
429 2290 506 2341 libros
525 2293 657 2344 Fastomm
669 2295 820 2356 valdiauos
840 2302 986 2364 complexos
1004 2315 1059 2351 esse
1070 2303 1216 2365 ‘Tempora
1226 2317 1283 2352 cnm
1295 2304 1382 2353 carssir

291 2361 392 2415 Latium
405 2367 504 2432 digesta
516 2386 563 2435 per
575 2375 687 2437 unuum,'
698 2384 725 2427 ct
742 2377 841 2428 ‘Serra
860 2382 994 2431 annalibus
1008 2389 1085 2432 eruta
1103 2383 1204 2445 priscis,
1222 2382 1262 2432 Ae
1279 2397 1329 2447 qno
1344 2385 1383 2434 sit

291 2445 382 2493 merito
396 2461 504 2514 qumque
522 2458 610 2502 notata
627 2453 703 2504 dieo*
733 2457 866 2510 Proterea
883 2461 964 2512 incisa
983 2463 1032 2512 illis
1051 2470 1126 2513 eraut
1144 2463 1267 2528 Anguste
1289 2463 1382 2515 domus

290 2522 298 2549 ‘
311 2519 378 2573 festa
389 2523 545 2578 domestica’
565 2546 623 2582 curn
639 2533 648 2560 ‘
659 2537 770 2598 prtemiis
782 2540 873 2590 Festos
888 2541 1065 2605 signantibur‚'
1085 2543 1178 2609 (0rid.
1196 2545 1265 2593 Fast.
1277 2559 1296 2595 ι.
1307 2545 1381 2608 init.)

290 2617 350 2666 qum
361 2603 415 2654 Jul.
427 2605 534 2672 Curari,
546 2610 671 2678 Augusto,
683 2622 710 2665 rt
720 2617 823 2668 'liberio
836 2621 943 2672 Patrum
955 2637 1017 2672 curs
1028 2631 1054 2672 et
1070 2625 1208 2676 Quiritium
1220 2624 1292 2674 favor
1302 2625 1381 2674 detu-

289 2683 365 2733 lerat.
397 2685 463 2737 Sunt
475 2701 538 2753 ergo
550 2692 667 2744 Verriani
678 2697 750 2745 Fasti
761 2713 793 2747 ex
810 2713 896 2750 eorum
916 2715 1020 2767 genere,
1029 2704 1070 2768 qrri
1084 2705 1123 2752 rel
1140 2704 1150 2733 ‘
1161 2704 1245 2755 sacri’
1257 2707 1295 2755 rel
1313 2712 1379 2755 ‘ca-

289 2763 410 2816 lendares
419 2765 427 2789 '
436 2767 564 2835 dicantur,
573 2779 665 2836 utpote
677 2790 750 2826 sacra
759 2784 787 2828 at
798 2777 875 2828 ferias
884 2789 975 2845 statas,
984 2797 1041 2847 qum
1053 2798 1067 2833 a
1078 2784 1199 2834 Calendis
1209 2785 1240 2834 ad
1250 2784 1380 2835 calendas

288 2844 394 2908 singulis
413 2849 475 2898 suni
492 2853 622 2903 mensibus
639 2857 846 2922 celebrabantur,
861 2861 1034 2927 designanter.
1068 2863 1255 2929 Antiquissimis
1273 2864 1381 2930 quidem

289 2914 448 2989 temporibus
459 2929 495 2979 illi
508 2938 606 2983 tantum
618 2947 746 2987 sacrorum
761 2946 789 2988 et
804 2939 927 2991 feriarum
946 2942 1106 2993 notationem
1123 2943 1269 3005 habebant;
1285 2952 1379 3008 postes

288 3005 404 3054 nonuibil
415 3007 448 3055 rie
458 3010 560 3061 ratione
571 3015 709 3066 eorundem
721 3031 850 3069 sacrorum
862 3020 1046 3084 adjiciebatnr;
1066 3024 1167 3073 tandum
1180 3026 1257 3074 etism
1273 3025 1379 3075 uomina

288 3089 316 3132 et
334 3082 404 3135 t'acta
417 3084 546 3138 hominnm
565 3105 729 3146 accesserunt
751 3098 891 3150 ambitione
910 3101 1059 3166 Principum
1071 3111 1098 3152 et
1115 3113 1300 3155 assentatorum
1317 3121 1379 3169 prr·

290 3163 419 3214 versitate.
454 3167 540 3234 anue
560 3185 600 3221 rer
620 3173 679 3224 inde
691 3191 706 3224 o
718 3177 755 3225 M.
767 3178 880 3229 Antonio
898 3182 923 3231 in
942 3184 1085 3248 exemplum
1097 3184 1177 3235 abiit:
1194 3185 1249 3236 Cic.
1260 3187 1379 3252 Pbilipp.

287 3254 320 3295 rr.
331 3247 371 3294 u.
403 3245 454 3297 ded
464 3247 519 3297 bec
529 3249 634 3301 licentia
643 3258 826 3317 posterioribus
837 3264 936 3312 surculis
948 3265 974 3313 in
984 3265 1134 3314 immensum
1146 3267 1239 3329 creuit,
1249 3275 1379 3330 occupata

288 3324 419 3388 republica
437 3328 470 3377 sb
489 3329 704 3410 imperatoribur;
722 3340 791 3390 unde
808 3343 920 3394 ‘Fartus
940 3344 1087 3396 adulatione
1098 3355 1239 3411 temporum
1251 3347 1380 3397 foeosros’

285 3404 403 3468 queritur
411 3407 472 3458 Tac.
484 3409 554 3460 Hist.
566 3427 605 3464 ts.
618 3419 656 3466 tu.
688 3418 746 3469 Jam
757 3421 814 3483 boc,
825 3423 892 3487 qnod
903 3424 999 3474 dudum
1012 3440 1044 3475 cx
1057 3427 1145 3476 Ovidii
1157 3428 1269 3476 carmine
1278 3435 1306 3477 et
1314 3427 1380 3477 alio·

286 3497 341 3532 rum
354 3492 468 3537 veterum
481 3489 690 3547 calendariorum
700 3497 852 3564 fragmentis
861 3512 1027 3568 apparuerat,
1038 3505 1155 3570 inprimis
1166 3523 1234 3558 nunc
1245 3514 1379 3558 testantur

286 3562 400 3626 reliquie
418 3565 552 3620 Fsatorurn
569 3572 759 3628 l'orrianorum.
792 3583 895 3632 Etenim
916 3585 941 3632 in
958 3585 997 3634 bis
1015 3599 1066 3635 non
1084 3586 1159 3637 modo
1178 3584 1302 3638 feriarum
1319 3587 1379 3637 dies

285 3641 430 3694 iudicantur
439 3646 548 3710 adjectis
559 3653 644 3703 causis
660 3665 688 3706 et
703 3660 862 3722 rotionibua;
881 3677 968 3712 verum
980 3670 1101 3715 notantur
1113 3667 1190 3716 ctiam
1202 3666 1256 3717 dies
1270 3675 1298 3717 et
1315 3671 1380 3718 anni

286 3735 380 3786 rerum,
404 3726 620 3796 siniciensem,
641 3735 766 3803 Augusto,
785 3748 813 3789 et
834 3742 941 3792 Tiberio
962 3752 1101 3809 gestarum,
1119 3745 1304 3812 bonorumque,
1329 3751 1378 3814 qui

285 3799 374 3852 iisdem
387 3803 553 3870 Principibus
563 3811 665 3873 publice
677 3816 776 3868 decreti
787 3827 854 3869 suut.

316 3881 382 3932 Quae
399 3898 457 3934 curu
473 3886 511 3937 ita
529 3903 556 3939 sc
574 3892 696 3954 babeant,
708 3906 735 3947 et
747 3900 774 3949 irs
789 3902 886 3965 paucis,
896 3904 1003 3967 qumbic
1015 3905 1041 3954 in
1058 3915 1226 3970 conspectum
1237 3917 1378 3974 venerunt,

284 3957 435 4024 fragmentis
447 3967 529 4034 plura,
549 3986 605 4036 quas
621 3975 705 4028 annno
722 3978 810 4043 ignota
830 3990 913 4042 eraut,
925 3985 1102 4050 reperiantur;
1117 3989 1172 4050 quia
1183 3995 1234 4038 tam
1246 3989 1347 4040 silenus
1360 4007 1378 4041 a

284 4038 368 4098 lirim
379 4041 497 4097 doctrina
508 4057 557 4114 eet,
568 4056 630 4118 quin
651 4059 817 4112 vehementer
837 4063 932 4128 doleat,
952 4065 999 4114 lros
1015 4067 1106 4116 Fastos
1122 4068 1153 4116 ad
1166 4083 1210 4118 nos
1223 4071 1378 4132 peruenisse

283 4114 392 4210 ¹¹⁰⁰¹⁰fs
408 4125 519 4192 mutilos,
531 4138 558 4180 et
570 4137 643 4196 quasi
654 4137 818 4192 decurtatos?
836 4144 977 4206 prresertim
990 4147 1011 4194 si
1023 4147 1108 4195 animo
1119 4146 1271 4198 obversetur
1287 4149 1378 4201 Verrii

285 4201 432 4264 auctoritas,
443 4205 486 4267 qui
498 4219 591 4261 nomen
603 4213 771 4271 Grammatici
783 4235 829 4273 suo
841 4225 933 4276 merito
944 4225 1065 4286 obtinuit,
1078 4241 1127 4278 nou
1141 4227 1208 4293 quod
1219 4229 1378 4281 sobolsstico
