3094 4828
224 311 290 379 unt
654 328 686 375 o.
709 325 889 376 suurourr

227 476 374 558 pestetee
389 471 602 549 occidisset,5
625 479 660 536 et
674 491 778 536 novoe
793 479 988 536 mercaturae
1012 489 1114 535 cause
1130 469 1323 536 fabricanti·

226 576 293 640 bue
308 593 429 656 magno
444 574 621 640 commode
638 574 837 652 consumit}
880 572 963 654 [itt]
984 591 1046 656 pro
1063 571 1252 636 conditione
1267 590 1325 635 cu·

222 676 349 764 ineque
362 696 371 735 ε
394 674 514 754 eivi,⁶⁰
528 678 737 742 renationem
751 677 834 758 legis
847 675 966 758 Popiae
982 673 1164 758 Poppaeae3
1190 672 1323 750 Latino,

224 777 283 862 jue
299 775 480 855 Quiritium
492 786 515 859 3⁷
538 777 696 857 foeminis,
706 779 765 863 jue
777 786 921 861 quotuor
934 778 1112 842 liberorum
1120 785 1144 841 :¹²
1155 795 1231 858 quae
1244 792 1324 838 con·

680 974 860 995 mn

231 1113 246 1157 u
263 1104 388 1156 nocturn
408 1111 462 1168 opt.
476 1106 549 1155 Tere.
562 1119 619 1155 curn
638 1107 722 1156 Perie.
750 1107 813 1156 Mox
825 1106 893 1156 End.
904 1106 977 1154 Vett.
995 1119 1053 1153 nor.
1066 1103 1130 1166 Cep.
1140 1101 1328 1166 incipiebantur

231 1172 448 1226 vooeCoeetiteit,
463 1172 638 1233 meie,utjem
651 1180 804 1220 monuerunt
819 1171 953 1220 vv.1)u.
987 1169 1100 1218 ‘Notum
1113 1177 1198 1218 temen
1210 1167 1275 1230 Cep.
1286 1170 1327 1216 lu.
1428 1199 1435 1210 .

232 1250 291 1285 cunr
313 1236 441 1299 prioribus
462 1235 528 1284 Edd.
549 1235 652 1300 reliqui,
673 1242 702 1284 ut
721 1237 788 1285 idem
808 1251 866 1283 eum
893 1233 996 1298 reliquie
1015 1248 1134 1282 nrnuerue
1157 1229 1328 1296 procederet!

232 1300 337 1362 Beuu-
369 1301 400 1348 ln
412 1301 505 1362 Deipit.
523 1299 620 1349 eroth.
641 1301 705 1348 Nem
716 1306 739 1349 et
750 1315 806 1361 neg.
823 1313 882 1348 nor.
895 1301 958 1361 Cup.
976 1297 1136 1346 orditum-e
1153 1297 1193 1345 lte
1211 1297 1329 1359 legerunt

232 1365 312 1414 Suirn.
322 1365 380 1413 Ure.
393 1365 468 1412 Torr.
478 1373 504 1413 et
517 1365 596 1413 muiti.
624 1365 708 1426 Vulgo
718 1365 817 1424 ciuibus,
829 1373 857 1413 ut
871 1364 895 1412 in
908 1362 1010 1414 viterb.
1023 1363 1172 1426 recepitque
1185 1361 1259 1410 Grnt.
1270 1374 1328 1409 curn

233 1427 342 1477 Cereub.
370 1427 400 1476 In
412 1429 468 1478 aliie
478 1429 541 1477 Mer.
554 1435 580 1478 et
593 1427 659 1477 Edu.
671 1430 821 1478 veterinis.
854 1429 920 1476 Tum
933 1425 1326 1476 LoiieodentMemm.Medie.

232 1497 257 1541 2.
269 1497 293 1544 ⁸.
304 1492 382 1542 Potit.
394 1493 452 1557 Cuj.
467 1494 528 1541 Lisi.
541 1495 611 1542 Dun.
620 1493 670 1540 dno
680 1494 753 1542 Torr.
765 1507 823 1542 cnm
836 1493 884 1540 Ed.
898 1494 988 1555 Cemp.
999 1501 1026 1540 et
1034 1493 1147 1542 Turnob.
1159 1489 1226 1539 Λᾶν.
1237 1501 1328 1539 xxrrr.

234 1559 274 1604 1⁹.
298 1557 394 1605 botieoe
412 1559 451 1634 rei
467 1557 552 1606 latiore
565 1558 633 1632 'Mem
651 1558 766 1634 plerique
784 1567 812 1607 et
829 1557 896 1606 Edu.
917 1571 996 1620 ireque
1017 1556 1050 1604 ed
1066 1555 1188 1630 Beroaiui.
1208 1553 1252 1631 oui
1269 1567 1328 1602 cum

233 1616 1329 1748 tittntiii‘iittifiiiti'tt,lit„intuituiititttititit:

234 1755 295 1797 runt
307 1748 417 1798 Ceeeub.
430 1751 516 1798 Burin.
528 1749 675 1814 0nd.neqq.
688 1766 719 1799 ex
731 1750 836 1798 Menum.
848 1750 906 1811 an.
919 1758 946 1796 et
959 1749 1022 1796 Liri.
1046 1748 1175 1809 Abeetjrre
1188 1763 1203 1794 e
1216 1745 1292 1795 vinu.
1304 1749 1329 1794 2.

235 1812 308 1862 corr.
339 1815 405 1864 Tum
420 1815 532 1876 hodieque
549 1815 685 1877 tegendum
701 1814 820 1863 uiderunt
836 1814 909 1862 Torr.
926 1814 996 1863 Oud.
1014 1820 1042 1862 et
1060 1827 1132 1876 seqq.
1152 1827 1209 1860 eum
1222 1811 1328 1859 Memm.

236 1876 301 1941 Cup.
318 1877 416 1930 Medio.
428 1883 452 1928 l.
467 1883 492 1928 e.
511 1879 592 1929 Potit.
603 1879 671 1930 Edu.
685 1878 761 1928 sont.
772 1877 832 1928 Are.
846 1879 936 1942 Steph.
964 1878 1038 1941 Conj.
1051 1879 1139 1927 Burin.
1156 1876 1224 1925 hodie
1234 1889 1330 1938 quoqne.

731 2007 841 2058 Nom

270 2103 443 2170 vcomrttott]
461 2105 517 2154 Hes
534 2119 619 2168 roceo,
631 2104 664 2156 eb
675 2105 705 2155 iie
721 2105 765 2171 qui
799 2106 899 2168 juetam
915 2105 985 2155 ilium
1002 2104 1150 2154 libertetem
1167 2102 1267 2166 eesequi
1286 2116 1331 2165 po·

237 2178 387 2228 Suetonium
415 2181 440 2228 io
468 2181 556 2243 cipite
583 2187 723 2232 secuerunt
751 2197 766 2230 e
804 2190 899 2232 terent.
937 2183 1034 2237 Verum
1056 2197 1071 2231 e
1086 2181 1330 2245 jurisconsultorum

240 2253 396 2318 precedenti
404 2255 492 2318 cupite
501 2271 637 2320 perpetem
647 2257 769 2319 divulsae,
804 2257 876 2307 iibrie
888 2257 969 2308 ineius
986 2265 1090 2320 repete:
1104 2265 1131 2307 et
1142 2255 1258 2305 delibato
1269 2262 1332 2306 runt

239 2331 335 2382 iterum
347 2332 507 2396 conjunxere
518 2331 667 2381 Torrentius
679 2341 706 2380 et
718 2332 767 2382 Ce·
805 2334 831 2382 iu
844 2333 962 2396 Augueto
974 2334 1005 2383 ed
1019 2349 1076 2396 nep.
1084 2337 1125 2384 tu.
1157 2333 1252 2381 Locum
1264 2331 1332 2380 irnne

238 2407 389 2468 sorbonne,
413 2421 520 2472 quornm
537 2408 608 2471 prior
624 2422 669 2470 pro
679 2409 769 2458 eioiiee
805 2410 913 2473 egiturit
941 2409 1142 2473 jurisconenitm
1173 2407 1331 2456 cierieeimne

241 2483 306 2547 legit
317 2484 375 2546 eiei,
385 2491 412 2533 et
428 2498 476 2546 pro
487 2483 581 2533 Iatinie
597 2485 661 2547 tegit
673 2485 768 2534 Lotieo.
805 2485 902 2534 Petrei
918 2485 1002 2535 Feber
1018 2485 1062 2534 tib.
1079 2497 1096 2532 r.
1112 2483 1289 2540 Semurium,
1308 2497 1332 2533 e.

242 2558 317 2611 Quod
330 2567 357 2610 et
368 2561 394 2609 in
406 2559 583 2623 Memoreripto
594 2559 695 2609 noterit
707 2575 768 2624 quo·
805 2565 846 2610 2⁵.
863 2560 1001 2611 Selmeeiue
1013 2560 1078 2625 legit
1089 2560 1167 2609 etiem
1179 2557 1332 2616 eioi,et1a-

242 2649 292 2698 que
307 2631 483 2697 counimur,
495 2649 543 2686 neo
560 2625 663 2684 eerienrn
679 2634 768 2685 immo·
805 2637 857 2688 tieo
867 2651 914 2700 pro
925 2637 1027 2686 latinii.

242 2716 292 2759 tet.
838 2709 1163 2777 rumqmtoorttimron]
1180 2709 1246 2760 Huc
1255 2709 1335 2760 verbe

274 2793 287 2818 ⁰
304 2787 357 2834 ciei
370 2785 483 2850 [eioiiee]
510 2787 606 2837 Seniue
621 2795 672 2851 eet,
685 2789 715 2837 iio
726 2788 769 2852 qni
806 2789 971 2840 Torrentiurn
979 2787 1159 2838 verosimiliter
1168 2785 1336 2844 induxerunt,

243 2875 323 2910 never
334 2859 495 2913 fabricereot
507 2865 651 2915 constitute
663 2878 710 2928 pro
721 2864 770 2912 ein·
807 2874 838 2916 ut
859 2873 941 2916 totum
962 2866 1028 2914 inune
1051 2862 1135 2911 iocum
1155 2860 1188 2910 (ie
1208 2861 1337 2909 libertini·

244 2937 360 3000 guiorurn
387 2937 537 2989 conditione
555 2940 679 3001 praernier
703 2939 772 2989 eeiii·
808 2942 966 3006 explicarem
991 2939 1036 3002 jue
1052 2937 1119 2986 enim
1137 2936 1200 2986 titre
1224 2943 1335 3000 quotuor

244 3013 397 3062 eeteiribue
414 3013 536 3064 iiomeuie
554 3015 739 3064 immunitatem
756 3030 772 3065 e
806 3016 944 3067 liberorum
962 3013 1088 3064 tibertinie
1106 3018 1207 3062 unium
1224 3010 1336 3061 mutieri-

244 3091 304 3152 iege
326 3089 410 3155 Papio
431 3090 556 3154 Poppoee,
581 3089 614 3140 de
639 3105 689 3154 que
707 3090 774 3156 Aug·
810 3092 858 3142 bno
875 3105 1024 3143 concesium
1044 3088 1153 3151 intelligi
1172 3087 1262 3148 debet,
1277 3101 1336 3138 cum

246 3179 304 3229 nep.
326 3169 367 3215 St.
410 3165 509 3216 htinie
532 3179 600 3222 rere,
618 3169 666 3217 hoc
684 3175 725 3217 oet
742 3170 773 3218 iie
810 3167 933 3231 ingenuae
945 3180 996 3216 nou
1009 3165 1056 3215 etot
1068 3172 1121 3215 tree
1133 3163 1227 3213 irebere
1239 3162 1334 3212 liberet

246 3241 290 3308 qui
301 3241 444 3292 Letinitete
457 3239 594 3299 duntuet,
611 3243 645 3292 de
661 3259 712 3308 ouo
727 3245 773 3295 tib.
809 3249 951 3306 oporteret,
965 3241 998 3290 ed
1009 3239 1072 3290 itiuri
1083 3238 1151 3288 idem
1163 3237 1337 3288 obtinendum.

246 3331 269 3367 r.
286 3317 318 3366 ed
336 3332 394 3382 rep.
411 3322 436 3369 8.
454 3331 505 3367 non
526 3332 587 3369 vero
606 3319 723 3376 civitate,
740 3321 774 3370 de
810 3317 908 3367 Verum
924 3323 1014 3366 enotor
1030 3315 1072 3364 hio
1090 3313 1224 3364 breuitetie
1241 3327 1338 3376 meur,

247 3393 516 3457 pontoiuercepm.
527 3392 773 3460 pendebuntsspeem
811 3395 982 3445 utlibertinee
998 3393 1096 3456 puriter
1105 3405 1137 3442 eo
1148 3392 1272 3454 ingenuos
1289 3391 1337 3440 iuer

247 3469 379 3517 oiritetem
402 3483 560 3531 eonoeeeem,
588 3471 636 3520 iton
659 3481 710 3536 eet,
731 3473 774 3537 jue
811 3471 982 3536 prerogetire
996 3469 1063 3532 jurio
1085 3467 1224 3516 honoretee
1241 3466 1338 3516 indice·

249 3541 463 3608 (intuitumque
479 3544 596 3608 ejusdem
607 3559 664 3596 curn
675 3547 775 3598 eivibne
811 3555 862 3610 ret,
877 3547 941 3598 rotie
957 3545 1047 3596 hebuit
1065 3556 1210 3608 proponere
1227 3542 1341 3603 modum,

248 3618 403 3668 conditioni·
421 3617 528 3675 iiebeot.
560 3622 711 3675 Torrentius
729 3627 775 3675 eii·
812 3639 863 3689 qno
881 3623 1008 3674 libertina
1020 3629 1124 3684 ponent
1142 3618 1212 3668 itiem
1228 3617 1341 3681 ereeqni,

249 3701 291 3744 ter
310 3695 366 3743 trec
388 3695 519 3758 inteiligit,
540 3711 634 3760 nempe
654 3699 688 3750 rie
705 3703 776 3752 rerie
812 3700 950 3750 erbitrotoe
960 3697 1055 3746 ideme
1071 3692 1170 3744 fortiori
1181 3693 1215 3742 de
1225 3691 1342 3756 ingenuo

247 3768 399 3819 libertorum
416 3771 574 3837 conditione,
591 3782 620 3824 ut
635 3775 773 3827 Suetonius
812 3774 889 3824 i'eoiie
900 3771 1078 3838 judicandum.
1110 3767 1159 3820 Jne
1175 3775 1264 3818 eutem
1277 3765 1340 3817 iilud

249 3845 320 3894 eires
337 3859 381 3894 eoo
397 3845 501 3909 dixerit,
510 3847 555 3912 qoi
566 3849 663 3912 iontem
676 3859 703 3900 et
721 3855 775 3916 pte·
814 3852 891 3902 trium
914 3858 1054 3915 quotuorre
1083 3845 1222 3896 iiberoruro
1250 3843 1277 3894 in
1310 3857 1341 3892 eo

248 3931 307 3970 nero
315 3920 706 3987 tiemonemcommunetotum
715 3943 774 3979 oon·
813 3927 923 3977 menime
934 3927 1011 3975 eitum
1028 3929 1095 3978 eret,
1105 3929 1134 3970 ut
1147 3918 1263 3971 femine
1275 3933 1342 3968 mor·

249 3993 355 4044 ditionii
365 4007 448 4046 erent.
476 3997 582 4048 htiuoe
593 4013 663 4058 vero,
674 4006 717 4067 qni
730 4005 775 4052 irn-
816 4013 915 4056 tuorum
927 4002 1066 4052 liberorum
1082 3997 1196 4049 herede·
1211 4011 1268 4046 eree
1286 4009 1343 4059 por·

251 4067 405 4135 prurientem,
427 4073 464 4124 eie
481 4073 572 4136 dictor,
598 4078 667 4142 quod
696 4081 776 4130 imm
815 4086 952 4141 eeut,enrn
964 4083 1042 4126 entee
1057 4075 1101 4124 tex
1117 4072 1252 4122 urrodeoim
1270 4069 1342 4120 tebu-

252 4146 398 4198 Leiinorom
420 4157 516 4213 eeoent,
537 4152 581 4216 qui
600 4155 676 4205 reriie
694 4157 777 4208 monte
816 4155 897 4206 inrum
913 4155 980 4204 odeo
996 4151 1142 4216 expetieret
1156 4163 1210 4214 eor,
1232 4147 1276 4214 qui
1296 4161 1343 4213 per

1501 591 1535 644 d,
