3104 4830
270 375 335 442 884
694 385 727 432 c.
749 379 927 432 sunrorur

270 532 462 616 compedes,
479 529 661 611 statimque
677 527 829 604 solvit,⁴²¹
854 531 888 589 ct
902 542 1013 589 rursus
1031 523 1063 584 in
1079 519 1211 584 deliciis
1225 517 1356 581 babuit:

259 635 387 699 'itcmm
411 631 556 704 deinde,⁵
577 631 621 693 ob
644 627 779 692 nimiam
806 624 1051 692 contumaciam
1078 626 1111 686 et
1128 621 1357 685 ferocitatem'

269 740 434 817 gravatus,
449 728 733 798 circumforaneo⁶
748 731 904 794 lanistae'
918 725 1078 800 vendidit,
1094 723 1301 805 dilatumque
1313 719 1357 785 ad

269 834 366 899 finem
383 835 550 898 muneris*
563 838 700 914 repente
713 830 881 914 surripuit,
897 834 930 892 et
944 824 1117 910 provincia
1132 823 1284 886 demum⁷
1299 839 1357 885 ac·

270 942 395 1020 cepta5
419 933 631 998 manumisit:
655 951 696 996 ac
719 931 827 1013 primo
850 928 982 1010 imperii
1007 926 1061 990 dio
1085 925 1192 988 aureis
1219 922 1358 987 donarit

269 1037 423 1100 annulis=
449 1054 548 1119 super
571 1041 729 1110 coeptam,⁸
756 1051 833 1096 cum
864 1048 974 1106 mane,
1003 1028 1194 1110 rogantibus
1223 1042 1285 1107 pro
1312 1042 1356 1087 eo

267 1133 422 1213 cunctis,b
436 1137 618 1200 detestatus
633 1140 723 1198 esset
742 1133 947 1198 severissime
961 1131 1061 1194 talem
1081 1127 1246 1210 equestris
1270 1124 1356 1189 ordi-

266 1239 319 1302 nis
334 1237 514 1301 maculam.
555 1237 634 1314 [ta]
649 1235 716 1299 Sed
734 1235 785 1297 rel
800 1233 971 1316 praecipue
989 1231 1130 1295 luxuriae
1146 1228 1354 1310 saevitiaque

266 1337 409 1414 deditus,
435 1337 552 1420 epulas
577 1337 733 1401 trifariam
764 1352 904 1417 semper,
930 1332 1091 1398 interdum
1120 1328 1354 1413 quadrifariam

266 1438 493 1522 dispertiebat,
508 1437 561 1502 in⁸
582 1437 770 1521 jentacula,
785 1445 819 1500 et
835 1435 987 1519 prandia,
1002 1439 1036 1498 et
1049 1451 1178 1508 coenes,
1193 1430 1354 1496 comissa·

266 1715 354 1766 Grae.
367 1716 456 1764 Burni.
467 1715 529 1764 Ern.
542 1721 569 1762 et
580 1715 670 1763 ceteri.
704 1714 735 1763 ln
748 1715 805 1779 an.
821 1714 1007 1777 reprehendisset
1024 1712 1064 1760 vel
1075 1710 1255 1774 reperisset-l
1274 1709 1355 1758 cuais

267 1787 371 1829 tuentur
384 1780 446 1828 lllaa.
458 1778 489 1826 ad
503 1793 580 1826 nnnm
592 1779 626 1828 0.
638 1787 665 1826 et
677 1779 743 1828 Edd.
758 1787 854 1842 praeter
871 1779 930 1828 Bae.
942 1787 1007 1839 port.
1018 1776 1108 1838 Stepb.
1120 1774 1229 1824 Csaarrb.
1242 1781 1270 1824 et
1282 1787 1355 1836 seqq.

267 1843 354 1894 Gran.
366 1843 455 1892 Burro.
465 1843 526 1890 Era.
537 1841 607 1892 Oud.
617 1845 665 1892 dec.
675 1852 701 1892 et
709 1845 898 1892 adritcorreair
906 1855 1006 1907 quoqne
1015 1841 1099 1890 Faber
1109 1841 1134 1888 in
1142 1841 1266 1888 semestr.
1279 1841 1355 1887 inlu.

265 1907 411 1970 0ud.conj.
419 1907 541 1968 scriptnm
550 1905 793 1956 subcumbit-t
802 1908 832 1956 ln
843 1907 918 1956 Vind.
928 1906 1058 1956 raanan.
1070 1902 1241 1962 Mensurae-it.
1249 1903 1354 1950 Mernm.

264 1971 335 2020 Pitb.
349 1971 411 2019 Lial.
420 1972 497 2019 Vnae.
508 1969 566 2031 an.
575 1969 685 2030 obserere.
695 1970 759 2032 Cup.
770 1971 798 2019 ab
808 1971 865 2018 airn-
872 1986 893 2018 c.
902 1975 925 2019 et
934 1969 1058 2029 nimietas.
1070 1969 1153 2016 Perie.
1161 1967 1226 2016 Edd.
1236 1981 1298 2014 arec.
1308 1978 1355 2014 xv.

265 2034 411 2086 BomJunt.
421 2033 479 2082 ald.
490 2034 570 2092 erpd.
579 2033 690 2092 Arm-tl
699 2035 877 2094 circumforano
885 2035 991 2083 blemm.
1000 2031 1209 2082 Medic.llind.l.
1218 2035 1242 2079 ².
1253 2045 1309 2078 arn.
1317 2045 1354 2092 pr.

264 2112 322 2146 cum
333 2098 415 2147 Codd.
428 2096 489 2146 sab.
501 2105 528 2144 et
539 2097 598 2145 trib.
609 2097 697 2146 Burin.
709 2097 775 2147 Edd.
786 2099 850 2146 Vsn.
862 2101 885 2147 4.
897 2096 970 2147 Cald.
982 2099 1074 2146 mad.
1084 2097 1161 2144 Vinrl.
1172 2097 1274 2144 l.detat.
1283 2093 1354 2142 Dnn.

263 2162 388 2211 Vota-l
406 2161 500 2209 Deinde
510 2176 558 2210 occ.
571 2161 685 2211 Heriem.
699 2162 783 2210 Peris.
796 2161 863 2211 Edd.
876 2163 949 2211 Vett.
967 2169 1063 2224 prater
1076 2161 1137 2210 Bae.
1149 2159 1249 2222 Gryplr.
1260 2158 1314 2207 Col.
1326 2164 1353 2206 et

264 2238 337 2290 seqq.
370 2225 445 2274 lnfra
455 2239 525 2286 saper
534 2229 558 2273 et
568 2239 589 2272 e.
602 2225 715 2288 Cep-8
733 2226 763 2275 la
773 2225 935 2276 desideratur
944 2225 970 2274 in
981 2225 1078 2274 Medic.
1091 2228 1112 2274 1.
1122 2228 1146 2273 ³.
1159 2221 1236 2272 Vind.
1246 2225 1271 2270 2.
1283 2223 1356 2272 Cart.

755 2355 861 2407 NOTAE

263 2453 355 2502 rimant
366 2465 396 2500 sc
408 2452 504 2501 loram:
518 2461 557 2502 eet
568 2460 653 2502 autern
664 2451 790 2512 lora,sire
858 2461 875 2486 '¹
891 2453 1009 2516 haute]
1032 2452 1212 2503 Gladiatornrn
1232 2455 1357 2499 nrercato·

261 2527 343 2588 lorea,
364 2526 474 2590 potionis
495 2539 585 2589 gentes,
608 2541 682 2590 quarn
704 2527 791 2576 Greci
827 2542 868 2577 res
878 2529 986 2589 lanista,
1003 2527 1138 2591 dequibus
1153 2526 1242 2578 ianl.
1254 2525 1286 2574 ad
1298 2539 1354 2588 cap.

261 2600 380 2664 levrepiw
405 2603 550 2665 appeliant,
571 2603 643 2667 quasi
664 2602 789 2652 secunda·
827 2607 868 2654 26.
884 2607 933 2654 tec.
953 2603 1167 2652 circumforaneus
1185 2602 1228 2649 ille
1244 2607 1293 2660 est,
1310 2599 1352 2663 qni

261 2677 336 2736 riam,
353 2678 390 2725 sic
410 2679 480 2726 dicta
498 2693 512 2726 a
529 2678 587 2726 lotia
604 2677 693 2735 acinis,
708 2675 790 2742 fitque
827 2678 882 2728 fora
893 2687 921 2728 et
933 2679 1059 2728 nundinas
1068 2677 1196 2738 circumit,
1206 2675 1355 2738 riliaan'ns·

262 2767 295 2802 ex
308 2753 443 2804 maceratis
455 2767 521 2817 aqna
534 2753 642 2802 vinaceis
653 2760 712 2816 poet
723 2769 789 2803 rnus-
826 2756 885 2806 dam
894 2755 960 2804 lucri
972 2769 1057 2804 cansa.

260 2835 315 2878 turn
326 2829 408 2878 acinis
418 2844 578 2893 expressum,
595 2836 685 2892 estque
699 2843 790 2891 opera·
858 2836 871 2862 ¹
887 2826 1009 2889 Muneris]
1020 2827 1185 2889 Gladiatorii‚
1196 2827 1228 2876 de
1240 2833 1352 2890 quotam

261 2903 358 2953 riornnr
370 2913 396 2952 et
408 2904 550 2967 plebecula
561 2905 657 2953 vinum.
680 2905 722 2953 Dc
735 2906 789 2952 lora
825 2919 895 2967 sarpe
908 2919 995 2969 snpra.
1013 2906 1108 2954 Sensus
1118 2913 1167 2963 eat,
1181 2903 1353 2953 substractum

260 2979 345 3027 Varro
361 2979 406 3027 lib.
424 2993 444 3030 r.
464 2980 497 3026 da
521 2979 559 3026 lic
582 2979 656 3028 Rnat.
674 2992 732 3041 cap.
749 2983 790 3026 tl·
826 2979 1122 3042 avitelliorleiaticnm
1133 2980 1355 3043 qnotemporein·

261 3052 404 3102 Columella
415 3052 461 3102 lib.
470 3067 521 3102 ιιι.
532 3067 591 3116 cap.
602 3057 643 3102 40.
655 3055 704 3101 dte.
724 3052 788 3101 Poe·
826 3069 959 3118 gressuros
975 3063 1033 3104 erat
1050 3059 1075 3105 in
1087 3069 1189 3105 arenam
1201 3053 1233 3103 ad
1247 3053 1355 3118 digladi-

260 3129 357 3176 terlore
375 3141 451 3177 aenan
462 3142 565 3190 poscam
578 3127 619 3177 bic
631 3127 712 3191 accipi
730 3143 788 3190 pro·
826 3130 929 3180 andum.
947 3132 1009 3181 Cum
1022 3132 1138 3182 alaniata
1153 3135 1271 3179 serratus
1284 3135 1355 3178 esset

260 3202 372 3252 babillus
385 3203 495 3253 ridetur.
826 3207 851 3256 io
863 3207 938 3256 linem
950 3207 1103 3269 spectaculi.

292 3275 522 3342 'Reprehendisrefl
531 3275 583 3328 alu
593 3277 789 3340 deprehendisset.
857 3282 1014 3330 rPrecinsin
1035 3283 1126 3330 denum
1153 3281 1260 3344 recepta]
1288 3280 1352 3330 Cum

258 3355 411 3404 Torrentius
428 3356 454 3402 in
467 3354 546 3403 tribus
560 3354 622 3403 Mes.
637 3353 702 3417 legit
710 3369 787 3416 repre·
824 3355 880 3418 ipse
891 3356 1011 3404 Vitellius
1022 3356 1047 3404 in
1066 3355 1229 3405 Germaniam
1242 3369 1257 3403 a
1268 3353 1353 3404 Galba

258 3430 389 3480 bendieeet:
409 3430 474 3479 bene
486 3429 709 3492 reprehenduntur
720 3431 787 3477 enim
824 3430 964 3478 mlasnreat
976 3447 982 3476 :
995 3443 1074 3492 srtpra
1083 3445 1141 3494 cap.
1151 3433 1176 3480 1.

254 3505 374 3568 Ιρτοῆιςὶ,
387 3513 416 3553 nt
432 3505 513 3568 Calig.
532 3518 592 3568 cap.
602 3507 644 3553 lo.
659 3511 687 3552 et
699 3504 788 3552 Lirins
856 3503 959 3553 ’Δωτώ
968 3505 1063 3553 dearsit
1073 3504 1177 3567 eandm]
1189 3505 1271 3554 Erant
1282 3505 1354 3570 eqni·

256 3580 305 3630 lib.
326 3593 365 3632 ιν.
380 3579 470 3630 decad.
493 3593 531 3629 rr.
561 3577 656 3629 ‘Adeo
677 3579 788 3627 turbate
826 3580 1012 3642 marmaignia,
1029 3588 1058 3629 ut
1078 3581 1104 3628 in
1116 3580 1171 3630 Jnl.
1190 3579 1222 3627 ad
1240 3593 1298 3643 cap.
1312 3582 1353 3628 ³9.

259 3662 333 3706 erant
345 3653 499 3705 aladearrae
508 3653 620 3717 equites,
629 3652 789 3717 peditesque,
825 3653 862 3702 ita
886 3660 912 3702 et
932 3653 1017 3704 Galba
1038 3655 1137 3704 Icelnrn
1162 3667 1236 3703 sunm
1258 3655 1352 3704 bonore

258 3740 289 3781 nt
300 3726 422 3796 qnosdarn'
434 3731 529 3780 Consul
539 3743 616 3777 mann
633 3729 689 3791 ipae
702 3741 788 3793 repre·
826 3729 913 3779 suxit:
931 3731 956 3778 in
966 3730 1043 3780 Galb.
1055 3744 1112 3794 cap.
1125 3733 1165 3779 14.

257 3804 401 3856 uenderet!
716 3819 719 3824 ·
856 3811 869 3838 ⁸
885 3805 961 3870 Super
970 3805 1070 3869 eoemra]
1087 3805 1118 3854 ln
1128 3805 1196 3870 nug.
1206 3805 1238 3855 sd
1248 3810 1354 3870 capti.

291 3889 303 3914 ¹¹
319 3880 411 3944 Solvit]
439 3879 543 3943 Vulgari
566 3880 689 3944 legebant
708 3881 787 3928 coluit.
824 3881 968 3932 enabat.

259 3955 370 4007 casaub.
380 3955 528 4007 emendarit
539 3956 661 4006 librorum
675 3955 788 4006 auctori·
856 3954 996 4020 bflnnclie]
1024 3954 1161 4012 Militibus,
1188 3970 1253 4020 qnos
1281 3955 1306 4004 ld
1338 3969 1354 4005 a

259 4039 324 4082 tate.
824 4029 930 4080 Vitellio
948 4032 1063 4096 petiisse,
1082 4041 1173 4083 auctor
1190 4040 1229 4082 eat
1246 4031 1353 4094 facitne

289 4105 486 4172 'Ferre-itatem]
511 4106 660 4171 Complures
685 4105 788 4156 codices
825 4103 967 4155 rnilietor.

251 4179 412 4240 ferocitatem
