3118 4852
278 331 365 404 1128
708 347 828 400 rursu
847 347 954 421 vrrs.

276 517 364 574 snus,
381 500 482 578 atque
507 491 693 573 continuas,
714 511 846 559 summo
859 493 1047 577 integritate
1063 492 1319 572 administrarit,
1331 491 1370 559 et

280 607 391 664 tumen
405 597 596 662 liberalibus
619 597 740 662 studiis
764 603 892 662 mutum
906 616 1042 681 operum
1063 597 1168 675 dedit,
1182 603 1220 662 ut
1238 616 1303 662 non
1318 603 1370 660 te·

279 715 370 765 mere
393 697 468 782 quis
492 698 587 781 plura
611 699 645 762 in
671 699 741 763 ctio
766 697 948 781 scripserit.
992 697 1113 783 Itaque
1136 699 1222 764 bella
1242 698 1368 772 omniu,

281 822 357 886 quoe
373 819 520 883 unquam
544 820 621 864 oum
636 800 840 866 Germanis²
864 809 960 883 geste
981 809 1070 876 sunt,
1092 801 1206 884 viginti
1227 799 1371 866 volunt·

278 904 378 968 nibus
392 901 652 984 comprehendit.
697 902 781 967 Item
798 902 958 966 untnrulis
977 901 1126 967 historice
1141 902 1275 986 triginta
1287 919 1368 984 sep-

279 1009 346 1070 tem
361 1003 469 1068 libros
484 1005 637 1068 absolvit.
679 1003 788 1070 Periit
802 1003 917 1070 clude³
936 999 1163 1086 Campaniaei
1184 1002 1218 1067 N
1220 1021 1273 1066 um
1288 1019 1368 1066 cnm

280 1105 465 1170 Misenensi
480 1105 581 1170 classi
596 1113 768 1188 praeesset,
782 1111 815 1170 ct
828 1103 989 1188 flagrante
1006 1103 1169 1169 Vesevo⁴
1189 1104 1233 1168 nd
1245 1102 1368 1186 explo-

279 1208 400 1273 rnndns
415 1207 554 1291 propius
579 1227 700 1272 cousus
716 1207 894 1272 Liburnica
909 1206 1160 1290 pertundisset,⁵
1181 1223 1285 1288 neque
1307 1204 1368 1270 nd·

733 1383 911 1407 ΙΝΜΙΟ

278 1501 405 1558 sumbus,
425 1501 450 1550 in
470 1500 545 1550 drrob.
566 1502 641 1551 Voss.
652 1517 732 1550 sonem
743 1516 843 1551 messes.
877 1500 984 1551 Uneiuis
995 1501 1096 1550 noterit
1107 1497 1234 1550 trote-n
1251 1497 1367 1549 Βοιώ

279 1565 392 1615 Fuxeus.
403 1565 479 1614 Voss.
491 1579 522 1614 uc
533 1564 606 1615 Leid.
617 1564 699 1616 Codd.
731 1565 797 1615 'l'unr
808 1567 860 1615 sint
871 1565 947 1615 vose.
965 1580 1005 1630 pr.
1017 1572 1045 1615 et
1057 1564 1205 1614 XXXVII.
1218 1577 1265 1627 pro
1279 1565 1367 1625 viginti

278 1628 305 1678 iu
318 1638 375 1678 ntro
393 1628 598 1678 oestheim-8
618 1631 697 1680 Gades
708 1631 774 1680 Fun.
811 1630 905 1678 Genetes
923 1630 999 1678 Voss.
1016 1638 1124 1693 uterque
1139 1634 1168 1678 et
1183 1626 1255 1677 Leld.
1289 1629 1367 1677 Gadis

279 1692 347 1742 Edd.
393 1699 441 1742 ett.
469 1692 561 1742 Sintiis
580 1694 716 1744 vinee-l
734 1694 776 1744 lts
794 1706 862 1743 corr.
880 1693 968 1743 Grues.
989 1700 1194 1757 receperuntque
1212 1692 1271 1756 Bip.
1287 1689 1366 1742 wrtt'.

279 1756 360 1806 Melit
370 1755 439 1806 Oud.
453 1756 547 1806 Veneto.
569 1755 610 1806 Cf.
620 1758 672 1807 Pit.
684 1759 747 1822 Csp.
757 1762 782 1807 8.
809 1757 907 1808 l'sssos's
919 1757 1071 1808 Eduvers.
1099 1757 1197 1806 Vesubio
1208 1755 1364 1806 tentate.

283 1819 379 1870 Vesebio
389 1821 514 1884 Vulg.-o
532 1820 598 1872 ileo
608 1830 648 1873 est
660 1821 808 1874 emendetio
819 1822 907 1872 Burro.
925 1829 1032 1887 recepte
1051 1820 1122 1872 Oud.
1142 1822 1204 1870 Ero.
1216 1819 1277 1885 Blp.
1288 1817 1365 1871 wntt.

770 1965 875 2017 NOTAE

278 2078 339 2115 curu
350 2065 514 2128 reperissem,
529 2079 579 2116 nou
592 2066 663 2129 potui
678 2079 728 2115 nou
746 2079 803 2114 enc-
875 2063 935 2113 Non
954 2068 994 2113 est
1010 2061 1141 2113 Suetoniis
1158 2059 1227 2126 qood
1243 2067 1271 2111 et
1284 2057 1366 2110 dictio

277 2152 394 2193 ansere,
406 2147 433 2188 et
444 2139 590 2202 imprecari,
601 2141 645 2204 qui
662 2154 696 2189 ex
709 2139 803 2189 uostris
842 2137 1015 2200 cretenensis,
1026 2145 1054 2186 et
1065 2135 1158 2199 inpius
1174 2133 1328 2198 negligentis
1337 2132 1365 2182 in

279 2213 357 2263 codd.
368 2215 436 2263 illurn
456 2214 626 2264 sustulissent·
658 2215 766 2264 Dicercs
777 2215 803 2264 in
842 2211 907 2262 tenti
919 2213 966 2262 riri
985 2212 1060 2263 rebus
1071 2209 1202 2260 memorie
1217 2206 1364 2272 prodendis.

279 2288 467 2338 veronensium
479 2288 587 2352 gratinus
605 2289 630 2337 id
644 2287 748 2352 fecisse,
758 2291 802 2354 qui
842 2286 932 2350 Amet,
951 2285 1044 2348 t'steor,
1061 2285 1216 2336 brevitstenr
1231 2283 1366 2348 Tranquil-

279 2363 384 2414 minime
398 2364 508 2414 libenter
524 2363 560 2413 ibi
577 2366 675 2428 tegunt,
690 2364 803 2414 Pliuinrn
841 2363 898 2412 los:
915 2363 960 2414 sed
972 2363 1107 2427 erndltsrn,
1121 2370 1148 2412 et
1158 2375 1215 2426 quor
1226 2359 1366 2424 cognitioni

279 2438 360 2489 fuisse
371 2440 598 2490 Novocumsuseur.
619 2441 683 2491 Corn
696 2453 803 2505 nutuque
843 2452 926 2487 reruni
938 2435 1112 2488 nibilotlieist.
1135 2435 1264 2500 Denique,
1273 2442 1367 2485 unctor

280 2516 307 2564 in
319 2514 716 2580 prefationePlininscstnllurn
727 2523 804 2568 vocet
842 2512 918 2576 lutrio·
932 2513 992 2564 ritu
1004 2527 1088 2579 neque
1098 2507 1238 2563 Suetonius
1254 2520 1304 2574 est,
1320 2525 1366 2560 ne·

280 2593 370 2642 ‘suurn
382 2600 579 2644 conterraneum
587 2592 604 2654 ;'
616 2592 658 2658 qni
671 2593 749 2658 polite
758 2608 803 2658 ps·
824 2601 829 2608 ·
843 2601 893 2652 que
905 2588 1038 2652 quisqnsm
1051 2587 1125 2651 elios,
1136 2589 1179 2653 qui
1195 2587 1300 2639 meliore
1318 2587 1367 2637 illo

280 2665 355 2715 triam
367 2666 455 2717 habuit
468 2667 630 2732 Sirmium,
640 2669 662 2718 si
673 2669 735 2733 quid
753 2669 803 2733 ipsi
843 2665 938 2713 tetulo
949 2665 1053 2726 vixerit,
1064 2664 1131 2715 sicut
1149 2665 1227 2714 etism
1236 2663 1366 2728 Jonepbns

280 2741 314 2791 de
324 2755 351 2792 ee
363 2742 499 2804 credimus,
509 2743 745 2806 pesinsnlnmtnens
753 2745 805 2796 Be·
843 2740 957 2804 Scsliger
967 2740 1151 2805 pronuntiesit.
1177 2741 1314 2804 Scripsisse
1325 2748 1365 2790 ts·

280 2819 337 2868 nsci
350 2819 377 2868 in
386 2833 447 2881 egro
456 2819 602 2870 Veronensi
611 2820 736 2881 ;Plininnr
744 2821 803 2871 llis·
843 2829 903 2865 mett
913 2815 1087 2882 'l'rannillnnr
1098 2815 1174 2865 Plinii
1189 2815 1264 2880 hujttt
1275 2816 1365 2876 vitem,

281 2894 354 2942 toriae
373 2893 505 2943 Nutnrulis
525 2901 666 2957 sucturum,
684 2905 713 2946 et
724 2897 804 2946 Plinii
843 2891 992 2943 testimonio
1012 2902 1050 2944 est
1070 2895 1142 2944 locus
1162 2894 1215 2955 ille,
1235 2908 1308 2957 quern
1329 2907 1365 2942 ox

281 2967 389 3016 ulterius
409 2969 570 3024 avunculum,
596 2969 723 3026 Tetellus.
746 2972 803 3022 bis·
841 2967 898 3030 ejus
916 2968 980 3018 libro
992 2969 1025 3019 de
1036 2969 1107 3018 Viris
1118 2968 1265 3020 Illustribus
1279 2968 1363 3018 leude·

281 3038 462 3103 tbrenslluius,
481 3048 509 3091 ut
525 3042 568 3091 slii
585 3042 757 3107 Vennenses,
776 3046 802 3095 lu
842 3049 907 3106 turn,
926 3052 1108 3096 commemoret
1126 3045 1239 3096 Achilles
1256 3045 1367 3095 Statius.

279 3113 371 3164 mediis
382 3115 444 3179 ipsis
455 3115 580 3166 iuuenibus
592 3119 801 3171 veronensium
842 3117 926 3169 ‘Duru
938 3119 1005 3169 idem
1017 3121 1116 3171 Plinius
1132 3121 1243 3185 legionen
1258 3121 1285 3170 in
1299 3121 1366 3172 Sici·

280 3207 338 3242 esse
349 3191 517 3243 contendunt.
541 3192 619 3243 Queri
630 3208 691 3244 sero
701 3205 803 3247 conter-
840 3194 900 3244 liern
911 3194 1026 3252 duceret,
1034 3197 1169 3260 eruptione
1179 3196 1322 3246 ferillnruur
1330 3197 1365 3246 sb

277 3267 351 3318 rsuei
365 3269 416 3318 dici
434 3277 571 3333 nequeunt,
581 3269 624 3333 qui
634 3270 687 3320 siut
701 3278 801 3323 tsnturn
841 3273 919 3322 AEtus
929 3273 1099 3324 eructantium
1113 3271 1266 3337 pascentes
1285 3274 1366 3323 inter·

279 3359 312 3394 ex
324 3345 413 3395 eedem
426 3350 505 3406 terre,
522 3344 636 3408 regione,
653 3347 801 3410 provincis:
841 3351 882 3416 iit,
893 3366 959 3402 snuo
971 3353 1031 3402 vitre
1043 3365 1095 3401 sure
1108 3351 1173 3402 nun'
1192 3351 1292 3401 Cusoub.

279 3429 310 3471 nt
321 3421 506 3482 Novoconrurn‚
522 3421 589 3485 quod
606 3422 677 3486 prius
696 3424 801 3475 Comum
873 3425 1208 3492 bPeriitclrsdecnnrpursire]
1221 3426 1366 3478 videliet·

279 3495 448 3558 solidiorum,
463 3505 570 3546 auctore
587 3497 715 3549 Strsboue
736 3500 802 3551 libro
841 3503 917 3552 nrolsi
926 3504 1035 3554 Burbsri
1044 3503 1233 3567 castigationes,
1244 3505 1365 3570 quonism

279 3572 381 3637 pulsio,
405 3579 432 3621 et
461 3574 574 3635 Vernus,
596 3589 653 3638 ques
682 3575 801 3627 civitates
842 3577 1018 3642 inexemplsri
1033 3579 1159 3629 Toloesno
1180 3591 1226 3643 psr
1244 3577 1366 3630 rnenrlnus

278 3654 339 3700 sunt
349 3647 429 3697 emb·
441 3647 469 3696 in
480 3648 569 3697 cedern
577 3648 663 3705 ltslis,
674 3649 717 3700 illu
728 3651 803 3702 uimi-
841 3662 909 3712 erst.
920 3663 997 3717 utque
1009 3655 1033 3704 in
1043 3655 1074 3704 iis
1086 3654 1180 3719 quibus
1191 3667 1250 3705 usus
1260 3656 1366 3706 estPli·

280 3740 347 3784 rum,
363 3737 439 3788 quern
452 3724 666 3774 reteresllorusrn
677 3725 802 3791 'l'rsnspn-
841 3729 877 3778 nii
896 3730 1209 3792 osstigetorllerrsolsus·
1241 3730 1365 3780 Ceterum

279 3799 372 3850 donans
387 3806 414 3848 et
431 3798 587 3861 cisalpinum
605 3799 716 3850 Gellium
731 3803 801 3852 soci·
841 3805 874 3856 de
885 3807 974 3856 eodem
991 3807 1076 3858 Plinio
1087 3807 1108 3856 sl
1120 3807 1177 3872 quis
1194 3807 1270 3870 plnrs
1286 3821 1364 3857 nosse

278 3874 379 3924 tsbsnt.
410 3872 462 3923 Seri
480 3873 616 3922 Suetonius
630 3875 803 3940 'l'ssuqulllus‚
840 3883 1089 3948 cupiet-inquientis:
1100 3882 1307 3934 esspernninsit
1317 3894 1364 3932 εκὸ

278 3949 676 4016 qurnrrnrnmnuunquurorn
692 3951 801 4015 sejun-
840 3968 967 4023 eerprnm,
976 3961 997 4010 ιι
1009 3961 1078 4024 regn
1089 3959 1169 4010 uranu
1175 3959 1284 4022 junioris
1294 3959 1364 4022 epre-

279 4038 351 4074 urens
364 4025 478 4074 iutinrunr
493 4025 600 4074 ornicum
612 4025 710 4090 babuit,
727 4041 801 4079 nosse
840 4035 918 4085 solem
927 4036 1040 4100 quintam
1052 4035 1109 4086 libel
1119 4031 1236 4098 territet
1246 4035 1365 4098 qulnrsss

280 4101 343 4146 saris
355 4099 447 4161 potuit,
465 4098 512 4147 nisi
531 4098 614 4167 fallor,
631 4117 687 4168 qun
698 4105 801 4172 utrique
838 4109 1005 4167 dscimnm‚et
1016 4111 1228 4163 undevicesimus
1236 4109 1297 4161 libri
1305 4121 1366 4162 ses·

280 4173 463 4238 pstrisluerit.
485 4174 565 4226 Visst.
837 4184 869 4236 rt.
890 4185 968 4238 Vbist.
1351 4211 1357 4216 ·
