3056 4854
283 383 369 468 lise
576 399 787 450 cessurum
814 399 1008 450 couneus.
1032 399 1072 448 ιιι

282 559 326 616 que
335 543 376 593 rab
388 543 478 594 uomina
490 543 526 592 dl.
539 543 650 594 Marcelli
657 544 741 607 generi
757 558 787 593 re
805 544 930 594 manubiis.
949 519 952 526 ⁴
964 542 1117 592 Srrctuuina:
1136 539 1279 593 ‘Quodam
1292 552 1372 604 opera

210 667 213 675 .
283 623 621 681 subnominealienoiecit,
637 629 667 673 ut
687 625 815 675 theatrum
833 623 969 672 Marcelli!
1003 624 1103 685 Repete
1122 635 1155 670 ea
1176 618 1374 684 proximusecr'.

283 706 309 754 N
313 721 361 769 sm,
371 715 398 755 ut
410 706 452 755 alii
461 704 610 754 describunt
620 703 693 754 uubis
703 704 752 753 boc
762 718 880 764 marmor,
890 704 1018 752 minimum
1028 702 1189 752 intervallum
1202 701 1319 749 relictum
1332 705 1373 746 est

284 799 390 834 vacuum
403 793 463 834 aute
475 798 562 834 rocem
572 784 687 834 ιιιιιιιὶὸιιι.
719 783 795 835 Quod
807 799 838 832 eo
851 783 973 832 libentius
990 783 1143 844 amplector,
1159 781 1217 846 quia
1229 779 1374 829 necessario

282 871 341 927 post
352 865 416 914 lrauc
427 865 565 916 dictionem
576 864 728 929 apponenda
740 863 789 912 alia
801 873 856 914 ests
875 870 965 926 aperte
985 861 1053 912 euim
1064 862 1201 924 sequeutia
1212 873 1301 910 manca
1311 867 1373 907 sunt

204 973 211 988 ,
284 949 312 992 et
324 945 482 995 claudicant.

282 1041 285 1050 ι
314 1025 356 1074 24.
374 1025 404 1073 Ia
416 1025 544 1090 Capitolio]
561 1026 646 1077 Scrib.
655 1029 715 1075 deno
726 1026 752 1074 a'u
766 1023 892 1088 Capitolio.

314 1109 356 1154 bd.
372 1107 662 1162 Quoeniliorrrstitenrst
672 1106 768 1155 circiter
778 1105 880 1154 millenis
887 1106 941 1154 nari
959 1103 1075 1154 remor!
1089 1105 1174 1168 prodr,
1191 1105 1293 1168 triginta
1302 1105 1373 1171 qaia·

283 1201 327 1250 que
336 1186 445 1250 milliare]
466 1187 578 1237 Donarla
589 1187 700 1251 Arrgusti
711 1187 804 1250 partim
817 1201 848 1235 ea
862 1200 924 1235 euro
935 1184 1048 1235 conflata
1060 1193 1144 1246 eraut,
1162 1187 1255 1247 partim
1274 1201 1375 1250 usurge-

284 1267 340 1316 rltis
357 1268 513 1332 gemmisque
531 1269 649 1317 inanimae
668 1267 821 1316 indicatura
842 1275 940 1316 urunts.
973 1267 1118 1328 Utrumque
1136 1265 1177 1314 rue
1193 1265 1224 1314 ab
1241 1281 1272 1315 eo
1284 1265 1375 1315 luerat

284 1360 446 1409 expressum:
464 1353 492 1394 et
504 1346 567 1402 auri,
580 1347 694 1412 iuquam,
705 1346 816 1410 pondus,
828 1346 896 1409 qued
907 1346 934 1395 iu
947 1344 1084 1405 ἀναθήματι
1094 1345 1271 1409 impendisset,
1288 1353 1315 1394 et
1328 1361 1374 1410 pe·

284 1427 369 1490 cunia,
384 1441 434 1492 qus
453 1431 612 1488 constarent,
629 1433 682 1475 tum
702 1425 900 1488 manupretium,
919 1433 971 1474 tom
989 1432 1140 1475 ornamenta
1158 1426 1217 1475 alia.
1252 1426 1317 1475 Auri
1338 1427 1377 1474 ait

283 1506 362 1556 fuisse
374 1507 478 1557 circiter
489 1507 557 1557 mille
574 1507 675 1570 pondo:
693 1507 815 1572 reliquam
836 1509 975 1570 impensam
995 1507 1103 1571 triginta
1118 1507 1231 1572 quinque
1248 1508 1355 1556 millium
1368 1523 1376 1556 ι

282 1587 340 1637 hae
353 1601 414 1637 vero
423 1601 521 1638 summa
532 1586 741 1651 depravatissiure
754 1593 781 1638 et
793 1587 953 1652 ineptissime
962 1594 1053 1637 notata
1063 1595 1111 1637 est.
1126 1588 1237 1650 ,Tacen
1245 1587 1313 1651 quod
1328 1589 1377 1636 La-

283 1667 371 1716 tluitas
382 1681 438 1718 eam
449 1667 588 1721 lectionem
607 1682 657 1718 nou
669 1667 776 1732 patitur.
809 1667 922 1718 Omnino
940 1668 1082 1730 scripserat
1099 1666 1239 1730 Augustus,
1255 1665 1342 1715 XXX
1346 1667 1378 1716 V.

284 1747 341 1796 tis.
357 1746 425 1811 qnod
443 1754 492 1804 eat.
509 1747 589 1797 tricies
599 1748 719 1812 quinquies
732 1746 788 1797 HS.
806 1745 880 1796 faber
890 1745 1017 1808 sculptor,
1028 1746 1069 1794 vel
1081 1746 1101 1794 ia
1115 1745 1210 1809 potios,
1225 1745 1268 1810 qui
1285 1745 1377 1794 Romae

283 1825 434 1890 descripsit²
449 1834 476 1878 et
486 1828 685 1878 innumerorum
696 1827 912 1890 interpretatione
924 1825 1043 1890 peccavit
1054 1825 1161 1886 insulse,
1169 1833 1196 1874 et
1208 1825 1234 1874 in
1245 1833 1305 1873 nota
1318 1825 1379 1875 HS.

284 1920 359 1970 quam
377 1909 478 1971 putarit
489 1907 623 1957 millenarii
635 1908 734 1958 numeri
745 1907 802 1957 e'sse
819 1907 938 1956 iudicem.
970 1905 1119 1955 stabilimus
1137 1905 1203 1954 bunc
1219 1913 1331 1954 nostram
1349 1912 1380 1953 et

283 1987 488 2036 emendationem
499 1995 526 2036 et
538 1987 776 2050 interpretationem
788 1987 942 2036 auctoritate
952 1985 1104 2034 Suetoniuni
1116 1983 1175 2045 loci,
1187 1983 1229 2047 qni
1243 1984 1284 2033 isti
1297 1985 1379 2047 piane

283 2067 398 2128 geminus
408 2073 458 2128 est,
468 2081 491 2117 c.
501 2071 542 2117 to.
558 2075 565 2096 ¹
575 2067 651 2116 AEdes
661 2082 746 2116 sacras
757 2065 958 2129 opulentissimis
969 2064 1044 2114 donis
1056 2063 1206 2113 adornavit:
1224 2071 1317 2127 utpote
1330 2065 1379 2128 qni

282 2145 309 2193 in
320 2146 411 2195 cellam
423 2146 562 2210 Capitolini
573 2147 645 2198 doris
656 2147 768 2196 sedecim
780 2147 860 2195 millia
877 2146 962 2208 pondu
978 2144 1043 2202 auri.
1061 2135 1222 2218 gemmasque
1233 2157 1263 2192 ae
1274 2157 1379 2206 marga·

284 2225 347 2274 ritas
360 2227 521 2290 quingenties
533 2227 588 2275 ils.
599 2226 799 2276 coadunatione
810 2225 967 2276 contulerit!

314 2309 355 2354 28.
375 2307 567 2368 Quotiescumque
582 2306 750 2370 imperatorem
762 2340 769 2356 .
780 2307 886 2364 ...ιιιιιί
896 2307 1043 2356 coronarium
1055 2321 1100 2355 nors
1109 2303 1210 2368 trrcrpr]¹
1225 2305 1302 2366 Lego,
1320 2319 1379 2366 qao·

281 2383 421 2446 tiescumqae
432 2383 563 2448 Imperetur
573 2397 624 2432 ram
632 2385 772 2448 appellatur,
782 2400 866 2434 ιιιιηιιιι
877 2387 1023 2435 corosanum
1034 2401 1080 2434 aaa
1090 2385 1176 2447 accepi.
1209 2384 1289 2433 Moris
1300 2392 1378 2432 vete-

280 2463 316 2510 ris
327 2461 386 2525 fuit,
400 2469 430 2510 ut
441 2463 654 2528 quotiescumque
664 2465 743 2514 duces
755 2466 915 2516 exercituum
932 2479 959 2515 re
974 2465 1085 2515 feliciter
1105 2471 1181 2528 gesta
1198 2463 1377 2526 imperatores

280 2542 455 2591 salutarentur
467 2557 481 2592 a
492 2543 553 2601 ruis,
571 2543 710 2606 provincie
722 2551 750 2594 et
760 2533 837 2595 socias
848 2545 970 2595 civitates
986 2560 1017 2595 ac
1034 2559 1107 2609 reges
1127 2543 1195 2594 dono
1214 2542 1305 2592 darent
1324 2541 1378 2589 illis

282 2635 388 2670 coronas
398 2635 497 2684 aureas,
512 2623 553 2674 rel
571 2623 626 2671 auri
647 2630 687 2673 tor
706 2624 810 2687 pondo:
827 2625 896 2688 quod
908 2625 1066 2689 appellatum
1077 2631 1118 2674 est
1127 2638 1210 2672 aarum
1220 2621 1379 2670 errororiam.

281 2701 333 2751 Sub
346 2701 431 2766 impp.
443 2710 547 2752 retenta
558 2709 598 2752 est
609 2703 664 2752 lraec
676 2703 849 2753 cousuetudo:
867 2717 926 2754 narn
945 2703 983 2752 illi
1003 2703 1081 2753 toties
1097 2701 1276 2752 salutabantur
1286 2700 1378 2762 lorpe-

284 2789 391 2838 rntorer,
408 2783 508 2848 quoties
519 2784 633 2846 ipsorum
643 2785 763 2848 auspiciis
772 2785 851 2833 bostis
859 2783 953 2846 insigni
965 2783 1039 2832 clade
1051 2779 1213 2832 afficiebatur
1222 2797 1236 2831 ι.
1247 2780 1304 2829 ride
1314 2794 1376 2842 quaa

283 2870 400 2910 notamus
411 2863 443 2912 ad
455 2861 499 2911 lib.
511 2876 528 2912 ι.
540 2877 563 2912 c.
575 2867 616 2912 76.
628 2871 655 2912 et
671 2865 784 2913 salutato
798 2879 888 2912 aurum
908 2865 1067 2913 coronarium
1087 2877 1120 2910 ea
1140 2863 1193 2911 ritu
1209 2858 1379 2919 offerebatur,

283 2953 333 2988 uon
347 2941 428 2988 solum
440 2955 455 2988 a
467 2941 676 3003 provincialibus,
693 2943 737 2991 sed
756 2943 834 2992 etiam
853 2942 887 2991 ab
903 2943 989 2992 ltaliae
1007 2942 1113 2992 coloniis
1132 2949 1160 2990 et
1180 2939 1342 3002 municipiis:
1360 2951 1379 2986 a

283 3019 374 3080 quibus
385 3033 412 3066 ae
424 3033 474 3068 nou
485 3020 616 3080 accepitne
627 3021 751 3082 gloriatur
762 3020 904 3084 Augustus.
922 3021 972 3071 Dio
983 3022 1009 3070 io
1021 3020 1111 3085 quinto
1120 3017 1253 3068 cousrrlatu
1263 3017 1379 3081 Augusti

282 3096 327 3146 lib.
340 3109 375 3146 nt.
393 3099 459 3160 Παρὰ
469 3101 517 3147 τῶν
524 3098 617 3148 πόλιον
626 3101 673 3148 τῶν
683 3101 708 3149 ἐν
718 3101 750 3166 ηἳ
758 3098 849 3163 Ἰταλίᾳ
859 3098 888 3148 rb
897 3099 996 3164 χρυσίον
1005 3099 1034 3147 rb
1049 3101 1100 3149 coir
1113 3095 1239 3160 στεφάνοις
1254 3097 1378 3158 προσῆκον

283 3176 325 3224 aim
336 3175 438 3238 liltore.
470 3179 560 3227 Simile
570 3188 620 3242 ert,
636 3178 705 3243 quad
715 3189 800 3230 narrat
812 3180 964 3242 Spartianus
974 3180 1007 3228 de
1019 3179 1163 3240 Hadriano,
1175 3177 1268 3226 Auram
1278 3191 1378 3226 corm-

281 3257 344 3304 rianr
365 3257 444 3306 italic
461 3257 560 3318 remisit,
576 3259 601 3306 irr
617 3259 744 3321 prorinriia
761 3261 854 3309 mirail.
888 3259 961 3309 idern
981 3273 1038 3310 esse
1056 3257 1153 3309 iactum
1171 3257 1306 3322 aliquande
1318 3265 1347 3308 et
1359 3273 1379 3306 a

281 3334 298 3384 J
302 3336 396 3396 uliano,
414 3338 489 3387 tertia
499 3337 648 3388 Ammianus
659 3339 836 3389 Marcellinus.

315 3421 356 3466 ³8.
375 3419 474 3481 Tempus
489 3419 651 3478 emmeramus
668 3419 850 3484 Africanarum]
875 3422 935 3470 Non
954 3421 1034 3470 solnm
1046 3426 1169 3484 corrupta
1179 3423 1238 3468 sunt
1250 3417 1310 3479 ista,
1328 3419 1379 3467 sed

200 3511 206 3524 ·
282 3498 360 3546 etiam
379 3499 469 3548 mutila
487 3507 514 3548 et
535 3499 696 3562 perturbata.
727 3501 863 3551 Sententia
882 3511 966 3550 tameo
986 3515 1036 3549 nou
1056 3499 1179 3550 obscura:
1197 3503 1286 3547 narrat
1304 3497 1377 3546 enisu

282 3577 498 3640 magnificentiam
509 3594 580 3628 stram
592 3580 618 3628 iu
630 3580 806 3630 venationibus
819 3579 980 3630 exhibendis.
1014 3578 1073 3630 Qua
1085 3578 1117 3627 de
1129 3592 1157 3627 re
1174 3577 1239 3627 libro
1250 3577 1377 3640 singulari

283 3657 365 3718 plura,
383 3657 425 3706 ubi
446 3657 513 3706 bunc
532 3659 616 3714 locum
637 3665 787 3708 tractemus.
828 3659 949 3708 Fortasse
969 3665 1054 3708 autem
1075 3657 1215 3721 scripserat
1236 3657 1377 3720 Octavius,

282 3734 420 3796 Spectacula
428 3735 527 3800 amplius
538 3738 600 3785 mille
609 3739 760 3786 ducentarum
771 3739 947 3802 Muccurum,
965 3747 993 3788 ut
1005 3739 1029 3787 iu
1041 3752 1117 3786 uuam
1136 3749 1257 3786 summam
1269 3743 1377 3786 contra-

280 3816 354 3864 iretur
364 3829 481 3864 uumerus
491 3813 679 3870 Africanarum,
691 3815 723 3864 ad
737 3818 826 3879 populi
835 3819 994 3883 voluptatem
1006 3817 1187 3866 exhibitarum.
1221 3817 1304 3867 Quem
1316 3817 1377 3881 qui-

281 3895 339 3943 dem
352 3908 493 3954 numerum,
502 3909 602 3956 vereor,
617 3908 650 3942 ne
657 3896 728 3958 justo
739 3896 862 3945 minorem
875 3898 951 3960 longe
962 3895 1064 3957 faciam,
1081 3909 1138 3944 curn
1150 3901 1249 3943 certum
1260 3895 1304 3956 sit,
1316 3895 1377 3945 onis

280 3974 417 4037 aliquando
428 3973 932 4039 ludissescentasAfricanasilugustum
942 3975 1105 4025 exhibuisse:
1118 3981 1146 4022 ut
1158 3973 1183 4022 iu
1191 3973 1376 4024 commissione

280 4052 407 4112 ludorum,
424 4054 514 4115 quibua
532 4053 651 4102 Marcelli
668 4055 795 4103 theatrum
813 4054 958 4104 dedicabat.
994 4053 1043 4105 llic
1061 4054 1107 4102 lib.
1119 4066 1173 4103 mv.
1194 4053 1287 4117 Kirrqi
1296 4071 1378 4112 πανη-

281 4129 345 4191 γύρει
353 4133 386 4194 ηῖ
396 4130 635 4197 clarummontem
647 4133 685 4182 rral
695 4133 760 4196 θηρία
770 4135 857 4190 defined
866 4134 974 4196 ἑξακόσια
984 4131 1120 4197 dwddpar.

313 4211 354 4255 til.
371 4209 400 4255 lu
409 4210 512 4271 templis]
529 4212 633 4260 Pridem
647 4227 697 4274 quo
707 4213 754 4261 iata
765 4214 933 4276 pertinerent,
945 4214 1110 4264 indicarimus
1123 4211 1155 4262 ed
1166 4210 1211 4262 lib.
1223 4223 1287 4261 xrrr.
1299 4209 1379 4262 Stra-
