3084 4836
267 366 353 432 1012
612 375 786 432 navemn
815 381 1013 430 axeuuaua

266 525 396 588 intelligit,
407 531 434 574 et
445 525 482 574 sic
494 523 591 573 duabus
603 531 701 574 tentum
720 523 796 573 rebus
812 524 949 574 notabilem
966 531 994 573 at
1009 522 1138 572 diversum
1157 520 1282 585 evulgari
1299 533 1358 570 eon·

268 605 406 655 suetudine
424 606 520 654 cultum
540 603 612 665 lacit,
629 617 721 667 nempe
740 603 828 652 tunica
844 605 991 653 tumulenta
1004 612 1031 652 et
1048 603 1185 666 fimbriata,
1196 611 1223 652 et
1241 603 1359 651 cinctura

269 693 338 750 toga
355 686 452 735 laxiori.
488 687 609 735 Ceterum
628 699 677 734 non
695 683 828 740 difflletun
844 692 941 748 'super
959 683 1072 734 tunicam
1084 685 1166 748 cingi’
1182 698 1238 734 esse
1256 683 1362 733 inusita-

269 774 324 817 tum
346 767 466 832 loqueudi
487 781 583 831 genns3
601 781 682 831 neque
702 781 837 830 apparere,
857 780 935 831 qrrare
954 765 1003 815 bae
1022 767 1136 816 electura
1151 781 1228 830 super
1247 769 1359 817 tunicam

269 847 389 897 motabilis
404 845 493 911 fuerit,
506 863 563 896 eum
574 863 661 896 omues
674 848 797 897 laticlavil
806 863 883 917 super
894 849 972 896 latum
984 849 1083 896 clavum
1095 849 1269 912 cingerentur.
1295 849 1361 897 Bur-

270 942 376 976 mannus
389 937 473 976 autem
486 928 546 975 nihil
564 927 637 976 uobis
657 927 698 976 bio
717 941 770 975 strae
783 927 1010 976 animadversionis
1021 927 1104 976 dedit.
1140 929 1188 977 Est
1205 926 1361 977 hauddubie

270 1007 401 1072 probanda
412 1007 550 1056 Greviaua
570 1007 636 1055 ratio
653 1007 677 1054 iu
698 1021 739 1068 eo,
751 1007 818 1071 quod
835 1007 976 1068 dupliciter
991 1014 1091 1056 tautum
1103 1009 1212 1058 Caesaris
1223 1009 1320 1057 cultum
1333 1015 1362 1058 ut

270 1087 409 1136 notabilem
420 1085 529 1134 describi
541 1084 614 1146 dicit,
625 1100 717 1149 nempe
728 1086 804 1135 modo
816 1087 908 1135 trinioae
920 1093 947 1135 et
959 1087 1033 1136 modo
1042 1087 1096 1150 ejus
1104 1088 1248 1150 cingendas,
1257 1087 1360 1152 etquod

270 1165 332 1218 illud
350 1165 527 1229 ‘cingeretur'
544 1167 577 1214 da
595 1167 769 1230 precinctura
788 1175 854 1229 togae
874 1167 963 1229 capit:
987 1167 1063 1231 idque
1085 1167 1249 1217 manifestum
1272 1175 1313 1215 est
1329 1181 1361 1214 ex

271 1263 311 1310 eo,
323 1248 391 1312 quod
404 1248 491 1305 verba,
507 1249 550 1296 ‘et
562 1247 683 1310 quidem‚'
699 1254 795 1310 coguut
813 1247 1037 1304 teterrimarum
1057 1247 1192 1310 cinctura‚'
1209 1246 1240 1296 ad
1257 1248 1362 1310 ‘cinge-

272 1326 362 1386 retur‚'
379 1327 456 1391 idque
472 1328 584 1390 positum
602 1323 642 1375 ent
666 1339 712 1388 pro
731 1325 853 1375 adverbio
871 1327 990 1388 ‘laxiuu'
1006 1326 1075 1392 quod
1095 1327 1246 1390 simpliciter
1265 1341 1362 1390 ponere

272 1407 398 1473 potuisset
411 1407 557 1456 Suetonius.
586 1405 706 1471 Denique
723 1406 800 1469 Syllae
817 1407 914 1454 dietum
932 1407 1078 1456 necessario
1096 1407 1278 1470 postulatum,
1290 1415 1317 1456 at
1329 1408 1361 1456 de

272 1488 457 1552 praecinctione
469 1495 536 1550 toga
547 1485 693 1548 capiamus:
712 1486 808 1550 alioqui
825 1485 858 1534 sb
871 1499 898 1534 ro
917 1487 972 1548 ipsa
988 1487 1146 1537 abhorreret.
1179 1487 1274 1536 Restat
1285 1487 1364 1549 igitur

272 1569 322 1616 boo
334 1581 419 1624 unum,
430 1575 459 1614 ut
471 1579 623 1631 queramus,
635 1565 761 1630 quomodo
778 1565 840 1614 illud
857 1569 952 1630 ‘super
968 1566 1044 1616 eum’
1060 1568 1185 1630 explicari
1201 1555 1284 1630 possit
1294 1581 1364 1616 com·

274 1648 359 1708 mode,
379 1654 408 1696 ut
428 1645 530 1710 aliquod
555 1659 634 1708 genus
652 1645 771 1707 cingendi
793 1646 964 1710 intelligatur,
987 1646 1054 1711 quod
1077 1647 1207 1709 discrepet
1228 1662 1243 1695 a
1265 1647 1363 1710 vulgari

274 1726 393 1790 eiugcudi
405 1725 599 1775 consuetudine.
631 1725 710 1775 Forte
727 1726 763 1775 sic
779 1727 941 1788 cingebatur,
959 1733 988 1774 ut
1008 1735 1072 1788 lota,
1087 1728 1152 1789 site,
1170 1735 1198 1776 nt
1210 1725 1365 1776 Oudendor-

274 1807 318 1870 pio
328 1807 423 1869 placet,
435 1819 516 1869 prope
527 1811 592 1865 tots,
602 1807 689 1856 tunica
700 1813 842 1870 tegeretur,
853 1819 900 1855 nec
913 1808 979 1855 latus
991 1809 1078 1856 clavus
1089 1808 1115 1855 ln
1128 1815 1235 1871 pectore
1246 1821 1363 1857 cernere·

274 1893 326 1934 tur.
366 1886 434 1935 Nam
454 1885 548 1948 alloqui
566 1884 603 1934 sio
622 1886 720 1934 cinctos
737 1883 817 1934 fuisse
835 1893 934 1934 certum
953 1893 1002 1946 est,
1020 1895 1050 1934 ut
1071 1886 1138 1935 clari
1160 1887 1231 1934 cerni
1253 1891 1365 1950 possent.

275 1966 404 2018 Quorsum
416 1965 483 2014 eolus
496 1965 559 2013 lauti
571 1965 683 2014 homiues
694 1965 767 2013 valde
779 1967 844 2014 latos
863 1964 993 2026 fecissent,
1004 1973 1032 2015 ut
1043 1972 1083 2014 est
1095 1965 1162 2028 apud
1173 1966 1333 2029 Ciceronem,
1345 1967 1366 2017 sl

275 2046 347 2096 cerui
359 2059 408 2094 nou
422 2052 535 2108 possent,
545 2045 590 2092 sed
603 2053 661 2106 toga
678 2046 725 2094 toti
738 2047 905 2106 tegerentur?
937 2046 964 2094 st
977 2061 1038 2107 ergo
1049 2046 1086 2095 sic
1098 2047 1166 2108 cingi
1178 2047 1269 2094 solitas
1280 2053 1327 2108 esi,
1338 2053 1367 2096 ut

275 2138 307 2172 ea
318 2139 377 2187 pare
389 2126 433 2172 leti
446 2125 511 2172 clevi
523 2131 601 2188 etque
614 2124 677 2172 adeo
690 2127 794 2188 tramitae,
805 2141 861 2189 qum
874 2127 951 2188 vulgo
968 2127 1083 2188 aspectui
1098 2133 1210 2188 pateret,
1227 2127 1313 2174 cinctu
1330 2133 1368 2174 te-

276 2214 392 2265 geretur,
406 2212 478 2252 recte
496 2218 556 2252 saue
574 2204 624 2252 dici
642 2213 737 2267 potest,
753 2220 830 2269 super
851 2208 929 2254 laturo
946 2207 1048 2255 olavum
1066 2207 1179 2255 cinctum
1195 2203 1282 2257 fultae.
1314 2206 1367 2255 Set

278 2282 326 2332 boo
339 2283 498 2332 doctioribus
509 2283 534 2331 iu
545 2283 594 2332 boc
605 2297 701 2346 genere
713 2284 882 2346 judicandum
895 2285 1063 2348 relinquimus.

644 2465 900 2532 EXCURSUS
940 2465 1006 2531 IV.

699 2617 751 2666 ao
769 2616 842 2667 rua.
861 2618 892 2667 c.
910 2622 950 2667 m.

618 2746 745 2796 Tesselloia
756 2752 779 2796 el
789 2747 880 2796 sectilia
890 2749 1031 2810 ριιιιιιιια.

313 2846 533 2900 Baarntuoeuue,
545 2844 593 2892 Vir
609 2842 778 2905 doctissimus,
797 2857 811 2891 e
830 2843 943 2892 vitruvii
962 2857 1011 2892 vu.
1029 2847 1053 2892 l.
1070 2843 1191 2906 ostencit,
1207 2859 1237 2892 ea
1252 2843 1370 2900 nonnisi

282 2925 452 2974 crustularum
466 2923 555 2985 ligura,
567 2923 691 2970 distincta
701 2920 797 2970 luisse:
815 2923 934 2972 tessellato
950 2921 1029 2971 luisse
1045 2929 1143 2972 structa
1156 2923 1305 2988 quadratis:
1322 2938 1370 2972 see·

281 3005 335 3052 tilio
353 3013 437 3052 autera
450 3003 576 3050 variarum
594 3000 731 3063 figurarum
744 3002 873 3050 crustulis.
901 3002 942 3048 Ab
954 3011 1062 3064 utroque
1074 3010 1158 3052 auteur
1171 3007 1296 3054 musivum
1308 3016 1372 3067 opss

281 3083 426 3145 distinguit,
446 3083 524 3145 idque
542 3097 669 3144 utinquam
688 3083 712 3129 iu
732 3081 894 3144 pavimentis,
911 3083 956 3130 aed
968 3084 994 3130 in
1006 3084 1123 3139 causeris,
1141 3092 1288 3146 usurpatum
1302 3084 1373 3136 uolt

282 3164 323 3212 De
336 3161 473 3211 tessellatis
485 3170 511 3210 et
522 3161 654 3210 sectilibus
666 3161 800 3224 adjuvatur
813 3162 956 3210 nominibus
969 3161 1039 3224 ipsis.
1074 3162 1141 3211 Nem
1154 3171 1260 3213 tesseras
1273 3163 1372 3212 lusorio

281 3249 341 3290 sunt
353 3242 494 3304 quadrata,
505 3254 642 3304 earumque
653 3235 758 3304 annulos
776 3239 840 3290 fecit
860 3240 994 3290 Vitruvius
1012 3255 1099 3290 omues
1117 3244 1238 3306 tequales.
1271 3242 1374 3292 sectili·

283 3321 328 3370 bus
340 3329 426 3371 autern
438 3322 573 3371 Vitruvius
591 3320 711 3370 attribuit
730 3320 841 3385 trigona,
852 3320 978 3380 rhombos,
992 3321 1133 3384 hexagona.
1166 3323 1218 3371 Sed
1236 3323 1316 3371 mults
1334 3329 1374 3371 ιι·

282 3413 340 3449 men
359 3409 449 3451 eontra
469 3401 519 3450 dici
540 3407 655 3464 possunt.
688 3401 720 3450 V.
738 3417 762 3463 g.
781 3402 913 3450 tesserulae
932 3408 993 3450 erint
1011 3402 1036 3448 in
1055 3414 1134 3462 opere
1149 3402 1326 3466 vermiculato,
1344 3408 1374 3450 ιιι

283 3489 357 3544 patet
375 3496 389 3528 e
408 3495 481 3530 versu
498 3482 573 3530 Ennii
588 3479 656 3543 apud
675 3480 729 3529 Cic.
748 3481 794 3530 Or.
808 3494 849 3528 ιιι.
861 3484 902 3530 db.
935 3479 987 3527 Sed
999 3479 1024 3526 in
1037 3480 1201 3528 vermiculato
1219 3495 1298 3544 opere
1314 3487 1375 3529 sunt
1412 3517 1413 3520 ι

283 3558 380 3622 effigies
391 3568 417 3608 et
429 3561 584 3623 animalium,
596 3561 663 3609 Plio.
676 3574 764 3612 xxxv.
777 3565 799 3608 l.
827 3561 923 3623 Eaeque
934 3567 1036 3608 tesseres
1050 3567 1107 3622 post
1118 3560 1164 3607 sub
1174 3560 1283 3610 Claudio
1295 3559 1374 3610 etiam

282 3653 383 3701 clepere
396 3640 476 3703 pingi,
496 3641 563 3688 Plio.
583 3641 599 3688 l.
613 3655 636 3688 c.
653 3639 727 3688 modo
743 3641 788 3688 sile
806 3651 972 3701 marmoroso,
986 3649 1088 3686 xxxrrt.
1107 3642 1147 3688 12.
1163 3639 1238 3688 modo
1250 3640 1375 3703 sinopide,

283 3731 372 3766 xxxv.
383 3723 407 3766 d.
419 3721 497 3767 etiam
516 3731 637 3781 purpura,
650 3718 712 3766 ibid.
727 3722 751 3766 t.
784 3717 985 3766 vermiculatum
998 3731 1062 3779 opus
1074 3728 1160 3766 autem
1170 3719 1228 3767 olim
1243 3721 1375 3781 pavimen·

284 3796 408 3851 innituit,
421 3797 487 3844 uude
499 3797 575 3844 etiarn
586 3796 652 3858 apud
667 3797 761 3844 Murat.
778 3796 860 3846 Inter.
879 3797 908 3844 T.
921 3811 939 3844 ι.
957 3800 1051 3860 pilli.
1068 3801 1093 3844 2.
1111 3798 1294 3846 ‘verrsrlculum
1307 3804 1373 3845 stre·

283 3884 375 3924 verum
386 3875 403 3924 :'
419 3875 464 3924 sed
482 3877 507 3924 iu
524 3875 635 3938 pmictes
653 3883 710 3939 post
730 3875 848 3939 migrarit
860 3875 927 3924 Pliu.
940 3876 956 3923 l.
967 3889 989 3924 c.
1000 3875 1076 3939 idque
1085 3874 1155 3924 laud
1168 3875 1246 3925 dume
1257 3882 1297 3924 est
1307 3891 1373 3938 opus

282 3957 418 4005 musivum.
452 3955 592 4020 lEqualitas
603 3963 687 4006 auteur
698 3957 858 4018 angulorum,
869 3971 944 4020 quam
956 3956 982 4004 iu
995 3956 1104 4005 tessellis
1117 3957 1224 4020 requirit
1232 3956 1375 4018 Vitruvius,

283 4049 333 4084 uon
344 4037 430 4086 statius
441 4037 526 4100 argrtlt
537 4037 643 4100 figurant
656 4037 820 4102 qrradratam:
839 4051 897 4085 uam
914 4037 992 4086 etiam
1004 4037 1162 4099 trigonorum
1182 4046 1209 4085 et
1227 4037 1375 4102 hexagono.

284 4127 338 4163 rum
352 4116 463 4179 mquales
475 4120 559 4181 auguli
580 4133 634 4168 esse
652 4127 768 4182 possunt·
800 4118 901 4181 Itaque,
919 4125 948 4166 ut
966 4131 1031 4166 arluc
1046 4116 1148 4180 quidem
1167 4127 1218 4179 est,
1237 4133 1327 4168 maneo
1347 4119 1373 4166 iu
