3104 4830
625 403 876 456 nonrmasus.
1227 391 1289 462 bur

204 546 248 610 ad
257 545 479 629 condiscipuli
485 547 538 610 sui
549 553 684 617 matrem
698 550 823 614 comite
833 568 900 616 uno
913 541 1291 632 ,contulissetitalstuit

204 653 241 711 ut
264 650 498 728 scrutantibus,
523 650 581 732 qui
605 652 748 732 vestigia
772 653 945 718 subsecuti
961 659 1069 732 crant,
1093 653 1293 739 deprehendi

202 767 266 812 non
281 751 435 832 potuerit.
463 750 549 814 Post
558 751 729 816 victoriam
742 750 754 788 '¹
769 753 900 820 demum
911 773 1120 840 progressus,
1132 759 1167 820 et
1176 753 1294 822 Gaeser

203 850 443 929 consalutatus,
464 851 617 916 honorem
640 859 795 934 praeturae
822 855 958 922 urbanae
988 853 1081 920 cum*
1102 856 1292 922 consulari¹

202 956 366 1033 potestate
380 954 530 1037 suscepit
543 953 641 1018 titulo
654 961 772 1021 tenus:
782 975 858 1022 nam
870 963 882 992 ²
888 957 1155 1039 jurisdictionem
1168 958 1212 1024 ad
1223 959 1294 1024 col·

201 1053 308 1133 legam
331 1053 522 1135 proximum
545 1057 724 1121 transtulit.
768 1058 923 1123 Cetemm
941 1077 1068 1124 omnem
1093 1060 1161 1124 vim
1186 1061 1293 1124 domi-

201 1155 349 1218 nationis
362 1161 430 1220 tam
443 1156 601 1222 licenter³
624 1162 783 1237 exercuit,
798 1167 835 1226 ut
850 1161 922 1244 jam
939 1167 1018 1239 tum,
1037 1161 1148 1245 qualis
1163 1161 1292 1227 iuturus

201 1261 303 1334 esset,
317 1255 514 1322 ostenderet.
561 1258 595 1322 N
597 1279 616 1324 e
631 1278 781 1344 exequar
793 1261 935 1344 singule,
951 1262 1192 1326 contractatis⁴
1209 1263 1294 1328 mul·

204 1363 312 1422 torum
326 1360 501 1437 uxoribus,
517 1361 701 1428 Domitiam
717 1362 913 1444 Longinam,
928 1363 1019 1428 AEllo
1035 1358 1187 1428 Lamiae*
1208 1383 1293 1447 nup·

203 1465 281 1535 tam,
297 1460 397 1526 etiam
412 1458 468 1524 in⁵
484 1454 734 1528 matrimonium
749 1462 911 1530 abduxit:
926 1470 1028 1550 atque
1044 1483 1110 1528 nno
1122 1465 1178 1530 dia
1193 1483 1293 1550 snper

203 1557 332 1640 viginti¹
355 1560 463 1626 officia
475 1563 603 1626 urbana
617 1568 677 1628 aut
686 1565 859 1650 peregrina
874 1565 1042 1630 distribuit
1055 1587 1064 1642 3
1087 1565 1216 1630 ‘mirari
1230 1565 1291 1642 sal

203 1658 413 1742 Vespasiano
435 1664 634 1741 dictitante,⁶
656 1665 768 1748 ‘quod
792 1673 1048 1730 successoremm
1070 1685 1138 1732 non
1164 1673 1200 1730 et
1225 1667 1293 1732 sibi

203 1762 371 1830 mitteret?
412 1763 470 1845 [2.]
493 1763 776 1849 Expeditionem¹¹
798 1784 933 1850 quoque
957 1768 992 1833 in
1016 1765 1187 1832 Galliam⁷
1210 1765 1294 1831 Ger·

661 1973 839 1998 namucno

203 2105 318 2156 arescas
329 2121 392 2158 sess.
404 2106 471 2172 quod
484 2107 599 2158 restituit
616 2110 679 2159 Ero.
692 2123 750 2159 eum
764 2109 822 2171 llip.
837 2109 882 2158 sed
897 2108 1004 2159 mallent
1016 2107 1106 2160 abesse
1121 2121 1175 2158 esra
1184 2109 1257 2158 Torr.
1267 2114 1295 2160 et

204 2169 312 2232 Renrng.
324 2171 470 2248 delevitque
479 2173 567 2221 liunus.
577 2187 635 2224 cnm
644 2173 761 2223 Gronov.
769 2173 839 2222 Oud.
848 2171 927 2222 Wolf.
939 2171 1086 2250 faventibus
1097 2172 1203 2222 Memor.
1214 2173 1296 2224 Polit.

204 2233 721 2358 8⁰2⁹·1i:z¹t.l·l:s.‘¹s¹tltb.ll:
733 2235 1296 2364 tiz-:fnitttltttttt‘slitt:

205 2363 273 2438 conj.
283 2363 362 2438 sessi.
370 2379 393 2412 s.
402 2379 424 2412 s.
436 2379 459 2426 p.
470 2365 640 2426 trasstslisset,
654 2366 780 2429 probante
792 2365 881 2415 Bursa.
891 2364 938 2442 sed
950 2373 1011 2415 tunc
1027 2365 1148 2416 debuisse
1164 2370 1295 2442 sucmfem
1347 2385 1351 2394 ·

204 2427 732 2554 tt't'tifitt'tbftt’lztlf'sttl
742 2429 1297 2552 rttt⁶a¹⁴ttttt⁰ttzttlt'.⁹·t.“ta

204 2553 265 2617 Cuj.
297 2555 351 2605 Pro
362 2571 391 2605 ae
402 2555 508 2633 Mamm.
519 2555 617 2608 Madau.
631 2563 654 2606 l.
664 2561 689 2608 b.
701 2558 781 2606 Polit.
799 2557 876 2606 vind.
889 2561 914 2606 ἱ.
930 2565 1040 2632 quatuor
1060 2556 1142 2606 Codd.
1160 2556 1250 2606 Burm.
1268 2564 1297 2606 et

204 2617 558 2760 baras-,tlara
568 2622 939 2760 arbitrarius:
951 2619 1298 2760 ltlssrfflblbvi

204 2744 659 2876 tricastinensis?
675 2746 1298 2872 :titillatusubdititiae

206 2874 267 2937 Cuj.
278 2875 352 2923 Voss.
363 2875 442 2924 Forte.
454 2874 520 2923 Edd.
531 2875 601 2924 Oud.
610 2877 726 2925 Εἴπω.
738 2888 785 2936 pro
798 2877 865 2938 strip.
874 2873 926 2923 ard.
936 2874 979 2938 effi
1012 2875 1105 2924 Statim
1116 2881 1158 2924 est
1170 2880 1299 2923 testamur

205 2937 273 2987 bias.
284 2939 373 2988 Burm.
385 2946 413 2987 et
423 2938 494 2988 Oud.
506 2940 541 2990 0.
552 2940 612 2988 item
625 2940 696 2988 Dua·
708 2939 794 2988 Noun.
804 2947 833 2986 et
852 2938 918 2987 Edd.
936 2939 1011 2988 Rom.
1023 2939 1106 2988 Sosis.
1117 2937 1198 2988 Gron.
1209 2939 1299 2988 Busan.

208 3001 277 3052 Oud.
289 3005 339 3052 dre.
371 3003 402 3051 ln
420 3002 476 3052 sliis
494 3008 623 3066 etqua-6
643 3003 755 3052 manase
772 3003 836 3066 cop·
853 3001 950 3052 Medic.
962 3006 984 3051 l.
997 3006 1021 3053 ³.
1031 3003 1109 3052 Vind.
1121 3005 1145 3051 ²·
1156 3001 1223 3050 lidd.
1236 3014 1298 3052 saec.

210 3077 257 3116 xv.
270 3065 337 3117 Bon.
354 3067 519 3132 alisque-l
537 3067 578 3116 Ne
593 3066 620 3116 is
639 3067 722 3116 Gallis
740 3067 845 3120 Mamm.
878 3067 947 3117 Dein
966 3065 1300 3132 ammiravisus

696 3227 806 3280 NOTAE

240 3325 252 3359 δ
269 3328 329 3376 Post
338 3326 473 3388 uictoriam]
489 3325 575 3376 Tacit.
585 3325 612 3374 iu
623 3325 674 3376 fine
686 3326 731 3376 lib.
773 3340 812 3376 rr.
824 3327 833 3355 ‘
843 3326 903 3376 lloc
914 3327 1004 3377 nocuit
1012 3323 1156 3376 Lamiarum
1167 3321 1302 3372 endecas*

208 3415 252 3452 ιιι.
263 3401 361 3451 Hister.
379 3402 387 3429 ‘
398 3401 586 3462 Domitianum,
598 3409 733 3466 postquem
774 3400 866 3452 denti!

209 3477 271 3526 nihil
290 3477 382 3526 hostile
403 3476 577 3538 metuebatur,
598 3476 632 3525 sd
655 3477 734 3526 ducas
807 3476 813 3508 ¹
829 3475 907 3538 Super
923 3475 1023 3539 eigisti]
1039 3475 1099 3525 Hoc
1117 3479 1168 3538 est,
1185 3487 1299 3534 munere,

208 3553 321 3616 partium
348 3564 522 3615 progressum,
548 3559 576 3600 at
606 3551 734 3604 Caesareas
775 3565 833 3616 quse
852 3553 892 3601 vel
911 3551 936 3599 in
959 3551 1040 3614 Urbe,
1059 3551 1099 3601 rel
1119 3551 1145 3600 in
1163 3549 1300 3614 provinciis

197 3627 405 3686 ,consalutatum
421 3626 493 3675 miles
510 3624 639 3690 frequens,
655 3632 735 3690 utque
774 3635 967 3678 exercerentur.

208 3713 266 3754 aret
286 3703 312 3753 in
334 3703 420 3763 ermis,
438 3703 463 3752 in
485 3709 605 3764 paternos
626 3709 735 3766 penates
805 3711 824 3737 ¹
841 3703 909 3759 Quod
918 3704 1082 3768 mammeas]
1099 3702 1256 3766 Xipbillnus,
1267 3715 1301 3751 es

209 3778 335 3830 deduxit!
368 3775 622 3841 lamentantibus,
632 3777 734 3828 autim-
774 3779 870 3842 Dione,
891 3779 1076 3842 Vespasianum
1099 3777 1196 3841 gratiss
1217 3777 1301 3840 egisse

210 3855 275 3918 perii
291 3865 488 3916 suecessor,seu
500 3852 734 3917 imperatordeslg·
774 3855 866 3904 scribit
886 3855 1036 3904 Domitiano
1058 3852 1111 3902 tilio
1134 3865 1181 3916 per
1204 3852 1302 3913 literas,

210 3939 297 3988 neme.
307 3931 394 3982 Csssr
403 3929 506 3979 dicitur.
775 3929 843 3993 quod
856 3942 885 3977 se
896 3928 979 3978 sdlruc
986 3929 1082 3978 sineret
1091 3927 1230 3990 imperare.
1258 3928 1301 3976 De

241 4005 386 4056 ¹Praetsrae
411 4003 521 4067 arbua]
549 4005 588 4054 lle
616 4004 734 4055 Pastore
775 4003 918 4054 Domitiani
935 4017 995 4052 vero
1012 4002 1302 4054 ambitione'rscit.es·

202 4080 327 4141 ,Urbsno,
338 4088 367 4129 et
377 4079 513 4142 peregrino
524 4079 550 4129 in
561 4078 617 4130 Jul.
628 4093 651 4128 c.
661 4083 701 4129 lt.
775 4085 858 4130 tremo
868 4077 911 4128 lib.
922 4092 959 4127 rr.
971 4078 1111 4127 Historlsr.
1126 4079 1234 4130 Torreat.

243 4157 339 4206 kAElie
348 4151 450 4216 mie]
460 4155 545 4207 Quem
556 4163 644 4219 postes
656 4155 737 4205 inter·
806 4162 818 4188 ¹
835 4155 1027 4217 Expeditiones]
1045 4155 1128 4207 Quem
1138 4152 1195 4204 iuee
1205 4154 1303 4205 descri-

211 4231 276 4284 t'ecit
287 4231 334 4282 int'.
346 4247 368 4282 c.
379 4235 420 4281 lb.
454 4232 497 4280 De
507 4245 559 4296 quo
568 4231 664 4282 duran.
680 4232 735 4282 Sat.
775 4230 814 4280 bit
835 4230 944 4295 Joaaplr.
961 4227 1007 4283 lib.
1029 4243 1080 4280 ru.
1099 4229 1133 4280 de
1155 4229 1224 4280 sert.
1238 4229 1303 4282 dud.

286 4311 373 4375 del·
382 4317 406 4361 et
421 4309 477 4361 Ver.
490 4310 555 4360 cna.
716 4309 812 4360 Sasiae.
1182 4314 1197 4358 Ι
1214 4309 1238 4359 P
