3114 4828
254 317 318 384 764
681 333 711 379 o.
735 331 911 380 sunnottn

253 473 510 558 copimeoum⁸t
534 472 746 550 Panerotem,
768 476 1010 552 foeneratorem,
1034 479 1069 539 et
1086 476 1221 540 urbanis
1236 477 1339 540 rusti*

253 578 367 658 cisque
392 575 528 657 praediis
555 574 799 657 locupletatum,
826 594 929 659 prope
953 576 1042 656 regio
1069 577 1189 642 extulit
1214 576 1336 641 sunere.

253 674 387 740 Nullam
417 682 543 740 vestem
570 676 623 738 bis
648 676 765 742 induit.
810 675 1073 758 Quadringenis⁹
1096 679 1131 742 in
1153 683 1337 760 punctum¹

252 777 415 842 sestertiis
438 776 548 840 aleam
573 776 666 842 lusit.
710 777 865 841 Piscatus
890 785 944 842 est
962 784 1026 842 rete
1048 785 1176 856 aurato,
1192 797 1337 861 purpura

252 885 443 962 coccoque*
456 877 588 942 ionibus
597 878 701 942 nexis.
725 879 907 961 Nunquam
919 880 1025 943 minus
1035 880 1123 944 mille
1136 880 1281 944 carrucis
1289 877 1336 918 ¹⁰⁸

251 979 371 1044 iecisse
385 980 445 1045 iter
458 979 608 1056 traditur,
629 981 730 1044 soleis
743 981 905 1046 mularum
927 981 1104 1062 argenteis,
1128 980 1336 1045 canusinatis

703 1171 833 1193 00000000
836 1173 880 1192 m

251 1325 275 1372 1.
293 1323 357 1400 pop.
368 1323 504 1374 mimulion.
515 1322 677 1400 llosnllrnd:
689 1327 762 1373 l.-8
775 1322 1015 1400 Cercopiiaitledic.
1028 1322 1094 1385 Cop.
1105 1321 1153 1373 Ed.
1162 1321 1231 1371 Veri.
1243 1325 1264 1370 1.
1277 1315 1335 1372 ocri

250 1386 1336 1515 tritt5¹illutz,i'sti‘stnlttnitttttttltli”astitistis

250 1515 502 1576 semtissoerrerntrrir,
513 1517 618 1576 mimis,
628 1516 708 1566 Gron.
719 1522 794 1578 pater
803 1523 943 1576 resumens,
954 1515 1079 1578 probante
1091 1516 1150 1564 Ero.
1162 1514 1229 1564 tilios
1234 1513 1334 1573 ferera-

250 1583 330 1628 torent.
352 1584 359 1607 ¹
370 1580 432 1630 Cnrn
443 1580 511 1631 Ond.
523 1581 651 1642 existimo,
661 1581 790 1633 excidisse
802 1580 897 1644 aliquid
910 1588 967 1642 post
976 1586 1000 1629 et
1009 1579 1092 1642 <qnod
1104 1578 1200 1628 delerit
1209 1577 1281 1640 Ero.)
1292 1577 1334 1624 rel

248 1643 288 1690 ita
296 1641 406 1692 suadeo:
426 1645 723 1706 (inconsummationem
736 1645 884 1700 Panerotem,
896 1643 948 1692 teri.
960 1641 1010 1706 tre!
1019 1643 1158 1693 Bautae-it
1177 1641 1336 1702 Quadrigerris

248 1706 335 1756 Periz.
351 1715 377 1756 et
395 1708 462 1756 Edd.
473 1709 549 1758 vett,
560 1708 718 1772 quadragenis
728 1707 806 1757 Vind.
817 1712 840 1756 1.
852 1709 893 1756 cni
913 1705 986 1757 feret
1003 1707 1073 1756 Oud.
1106 1708 1169 1756 Mox
1188 1707 1239 1756 cleo
1257 1705 1332 1754 linia.

249 1769 327 1819 Fooc.
360 1773 413 1821 Pro
428 1778 478 1821 rete
494 1773 520 1820 in
536 1773 641 1822 Merum.
662 1772 758 1822 Medic.
774 1777 797 1820 t.
814 1777 884 1834 ueste,
901 1771 970 1820 unde
987 1773 1052 1834 conj.
1065 1771 1140 1822 Saltu.
1151 1777 1219 1824 reste.
1250 1770 1334 1818 Immo

247 1839 316 1883 ueste¹
326 1841 409 1884 curma
427 1837 524 1886 Medic.
538 1841 560 1886 l.
579 1837 658 1884 Polit.
675 1837 739 1899 cop.
760 1836 833 1884 linis.
850 1836 896 1884 reti
916 1835 980 1886 eod.
992 1837 1050 1886 Urs.
1065 1849 1134 1884 careo
1146 1833 1334 1897 marpflryplr.

248 1899 341 1948 Statim
353 1905 376 1948 et
385 1915 453 1963 perp.
462 1899 525 1950 dant
534 1901 631 1950 Medic.
641 1901 720 1950 Fooc.
733 1901 812 1950 Polit.
823 1914 851 1948 ar
864 1913 932 1962 perp.
950 1899 1028 1948 vind.
1040 1903 1064 1948 t.
1081 1900 1154 1948 cort.
1173 1913 1186 1948 e
1201 1912 1269 1960 perp.
1284 1897 1334 1946 Ed.

248 1961 335 2024 Steplr.
346 1977 377 2014 ee
386 1979 455 2026 purp.
472 1965 547 2013 Voss.
558 1963 625 2028 qnod
638 1964 736 2027 placuit
749 1961 818 2013 Oud.
829 1970 856 2013 et
868 1965 956 2012 Burni.
967 1963 1010 2028 qui
1021 1963 1096 2013 testis
1106 1976 1152 2026 pto
1163 1963 1229 2014 reate
1238 1963 1333 2023 cogita-

247 2025 294 2074 vit.
327 2026 359 2074 ln
371 2035 478 2089 utroque
495 2027 572 2077 Vlnd.
583 2028 654 2077 Cott.
664 2030 846 2090 emorque-itt
862 2028 918 2078 Isto
930 2025 984 2077 ord.
996 2027 1101 2076 Merum.
1114 2025 1210 2076 Medic.
1220 2024 1297 2072 Vind-
1308 2029 1343 2079 2.,

248 2088 327 2142 Fouc.
343 2090 414 2140 Voss.
433 2091 492 2154 Cuj.
525 2091 567 2150 Al.
584 2107 633 2142 eor.
651 2092 709 2141 urta.
728 2093 778 2141 nait.
795 2093 892 2141 Postea
908 2092 1037 2142 enuiotia
1055 2091 1133 2142 Vind.
1151 2095 1174 2140 1.
1189 2089 1334 2140 comminatis

731 2253 838 2304 NOTAE

280 2357 291 2392 t
310 2349 509 2413 Cercopitiecum]
528 2348 606 2400 lione
627 2349 709 2398 locum
730 2349 769 2399 sic
806 2349 878 2412 gulae
895 2350 1017 2413 unitates,
1029 2354 1107 2414 prout
1123 2343 1277 2400 convenerat
1293 2349 1330 2398 in·

248 2424 383 2487 legendnm
404 2433 494 2474 censet
515 2425 635 2474 Torreat.
659 2425 769 2486 Cercopi-
808 2433 848 2474 ter
859 2426 1006 2486 collusores,
1017 2427 1086 2490 qnod
1102 2432 1129 2475 et
1139 2427 1148 2454 ⁴
1159 2440 1259 2475 menum
1269 2423 1276 2446 '
1286 2440 1332 2489 ep·

247 2501 346 2561 ticcam,
357 2501 484 2550 Pueerotis
494 2500 656 2560 formieria,
667 2500 770 2560 misnia
807 2502 886 2565 pellat
899 2503 1029 2565 Augustus
1041 2502 1095 2563 ipae
1108 2500 1213 2549 ibidem.

204 2617 212 2626 .
246 2575 499 2637 aaurtntetttgarm
510 2575 711 2637 cercopithecus
724 2575 769 2624 ille
838 2576 994 2640 ¹Coeooprre]
1017 2576 1129 2625 Coccum
1158 2588 1265 2636 granata
1290 2577 1331 2623 est

246 2649 324 2699 inisse
346 2650 480 2713 gladiator,
503 2657 547 2699 ant
572 2650 661 2700 ruimus
684 2648 768 2699 Pane-
806 2650 900 2699 rubeos
912 2649 1005 2700 robore
1015 2648 1124 2714 quodam
1134 2648 1290 2698 exuberante
1302 2657 1330 2698 et

247 2725 319 2788 rotis,
331 2725 374 2789 qni
387 2723 527 2788 meritipse
536 2722 767 2786 libertor,i'oenara·
806 2724 1003 2787 splendido,rad
1015 2737 1128 2788 purpura
1140 2721 1330 2786 interimamus
1352 2753 1355 2758 ·

248 2802 311 2852 toria
322 2803 456 2866 enjusdam
469 2817 484 2850 a
495 2803 601 2852 Nerone
618 2800 767 2852 confiscati:
807 2801 839 2850 ad
851 2802 918 2851 itanc
931 2801 1122 2852 adulterandam
1138 2817 1168 2852 eo
1182 2802 1331 2864 utebantur,
1413 2835 1416 2842 ·

247 2879 291 2944 qni
302 2877 390 2926 modos
402 2877 521 2939 loquendi
535 2876 607 2926 ratde
622 2877 767 2940 impiicatur
805 2877 838 2926 de
850 2891 902 2941 qno
913 2878 1012 2927 Plinius
1023 2878 1068 2926 lib.
1076 2891 1115 2932 rx.
1127 2892 1185 2941 cap.
1196 2882 1238 2930 ei.
1260 2879 1329 2928 illae

246 2953 358 3002 ridetur.
391 2954 443 3002 cnr
455 2951 522 3000 enim
530 2951 680 3001 Torrentius
688 2953 767 3002 adtln·
805 2958 832 3000 et
844 2965 964 3015 purpurea
976 2951 1148 3014 appellatione
1159 2966 1264 3002 coccum
1279 2969 1329 3004 non

246 3030 269 3077 ci
280 3042 330 3077 non
343 3034 437 3092 potest,
448 3035 476 3076 ut
488 3026 577 3078 credet
588 3026 768 3078 feneratorem
804 3028 941 3088 contineri,
959 3035 1048 3076 auctor
1066 3035 1106 3078 ert
1123 3028 1247 3091 Ulpianus
1269 3030 1330 3091 lege

248 3103 349 3152 Neroni
365 3110 417 3151 tam
434 3115 520 3151 carum
532 3101 625 3150 foisse?
641 3103 767 3152 Schlldius
803 3102 830 3152 Sl
848 3101 890 3150 cui
906 3102 965 3150 lana
986 3113 1053 3151 axx·
1073 3103 1140 3164 §is
1159 3099 1186 3151 ff.
1204 3102 1236 3153 de
1259 3104 1328 3166 lega·

247 3177 384 3230 lectionem
400 3179 505 3232 retinet,
516 3187 544 3227 et
561 3178 675 3242 explicet
691 3179 723 3227 de
733 3179 767 3227 sl·
805 3179 838 3228 tis
850 3188 877 3228 ct
889 3177 1087 3228 fideicommissis
1099 3181 1125 3230 t.

246 3254 297 3304 mia
313 3253 468 3319 laudata(id
486 3253 554 3303 enlm
574 3253 767 3318 significatcer·
836 3253 847 3288 θ
865 3251 989 3322 Carraria]
1005 3253 1119 3303 Carruca
1135 3254 1218 3304 rarior
1240 3255 1329 3305 habuit

246 3329 407 3396 oopithecor)
417 3333 484 3382 clrca
495 3347 570 3396 quarn
589 3333 660 3382 Nero
676 3332 767 3382 eodem
804 3329 873 3392 apud
885 3331 994 3378 vetarer
1007 3343 1081 3378 naus:
1097 3329 1139 3382 iric
1148 3330 1275 3395 siguificat
1282 3331 1328 3380 mi·

246 3407 321 3458 nrodo
331 3407 463 3464 insaniret,
476 3414 504 3456 ut
514 3407 632 3470 Caligula
641 3408 711 3456 cirea
723 3405 767 3456 ln·
804 3418 892 3454 nerent
909 3403 1037 3468 quendam
1054 3418 1153 3454 cerrum
1164 3413 1272 3469 quatuor
1283 3406 1328 3456 ira-

245 3484 351 3534 citatnm
363 3497 455 3548 equum
465 3497 548 3537 snum.
558 3491 587 3534 ut
598 3482 767 3545 rnprainCa·
805 3478 907 3530 bentern
926 3486 1006 3539 rotas,
1022 3479 1066 3542 qni
1087 3477 1210 3529 divitibus
1226 3487 1283 3530 erat
1300 3480 1327 3530 in

244 3561 289 3623 lig.
298 3573 358 3622 cap.
371 3565 411 3608 ot·
443 3557 518 3609 Quot
531 3557 605 3608 facile
617 3558 649 3607 de
662 3558 767 3608 Nerone
804 3554 912 3617 deliciis,
924 3553 994 3604 ande
1010 3567 1072 3602 auro
1089 3563 1117 3604 et
1134 3562 1242 3618 argento
1258 3571 1327 3620 rape

244 3633 408 3698 persuaserit,
430 3645 518 3684 rernm
538 3633 595 3696 qttis
622 3632 712 3682 eredat
734 3632 767 3682 ab
804 3631 898 3694 sapius
919 3637 1024 3678 ornator
1046 3626 1127 3688 spisse
1149 3631 1252 3693 legitur.
1285 3633 1327 3681 De

245 3710 301 3759 aliie
311 3709 428 3758 omnibus
438 3708 575 3758 omissum?
803 3719 854 3769 quo
864 3705 1016 3768 Spartianus
1027 3706 1052 3754 in
1069 3707 1178 3768 Severo,
1189 3714 1217 3755 et
1227 3707 1327 3756 Plinius

275 3787 333 3836 'ln
348 3785 471 3850 ριιιιιιιιιι]
489 3784 537 3832 Vei
554 3795 707 3848 unoquoque
726 3791 766 3834 te·
803 3781 1084 3844 tremiscente
1119 3781 1216 3831 Eadem
1232 3781 1327 3832 Persa·

243 3863 325 3912 lorum
338 3861 423 3925 jactu,
438 3859 478 3914 rel
494 3858 521 3907 in
539 3859 638 3921 ringula
656 3865 767 3910 tesseras
803 3869 858 3905 rum
870 3857 972 3920 regibus
987 3863 1052 3919 erat,
1063 3870 1120 3919 ane
1132 3856 1239 3919 Neroni,
1254 3859 1327 3908 luxa·

243 3951 299 3986 rona
323 3942 434 4000 punctu
458 3935 503 3998 qui
524 3934 592 3983 enim
615 3934 674 3982 talis
695 3933 766 3984 lude·
803 3933 849 3982 ris·
879 3932 1053 3983 Narratenim
1064 3931 1326 3997 Heliogabalusspud

242 4009 315 4066 bant,
341 4011 446 4074 singolis
472 4008 584 4073 jactibus
611 4007 763 4066 infelicibus.
805 4007 989 4071 Lampridium,
1000 4021 1044 4056 eos
1060 4007 1148 4057 decern
1164 4007 1326 4058 milliburea·

212 4099 215 4106 ·
243 4099 372 4138 nummum
384 4083 569 4144 conferebantr
586 4085 626 4133 rel
638 4085 664 4134 in
680 4085 765 4147 ringo·
804 4084 927 4132 melorum
949 4083 1000 4132 iter
1019 4079 1115 4144 facere,
1131 4081 1175 4132 ubi
1195 4084 1277 4133 multa
1298 4091 1326 4133 et

243 4163 282 4212 los
300 4159 374 4224 talos,
386 4167 414 4211 ut
425 4160 491 4224 Aug.
503 4173 560 4223 esp.
570 4163 611 4214 tl.
621 4160 661 4210 rei
673 4159 699 4210 in
713 4159 764 4208 riu·¹
805 4157 903 4222 maiora
914 4158 953 4216 iris
965 4157 996 4208 de
1004 4157 1168 4222 Heliogabali
1179 4159 1287 4210 inauris.
