3098 4840
253 327 318 394 852
677 342 709 390 e.
730 341 907 389 suurosrr

253 493 291 554 ut
304 508 345 552 ne
361 487 497 552 rivalem
518 485 651 569 quidem
667 484 832 549 Neronem
855 503 954 566 aequo
969 483 1076 548 tulerit
1090 483 1211 546 animo.
1257 479 1337 545 Cre·

253 589 343 653 ditur
361 597 450 652 certe
471 606 534 652 non
554 586 653 650 modo
675 589 795 651 missos
811 586 854 651 ad
878 582 1133 650 arcessendam⁶
1157 601 1222 646 nou
1244 601 1336 646 reos·

253 689 357 772 pisse,
380 688 439 752 sed
464 689 573 770 ipsum
597 689 697 752 etiam
722 688 908 752 exclusisse
932 685 1099 770 quondam
1124 704 1186 767 pro
1207 683 1334 748 foribus

252 796 425 865 astantem,
439 790 697 870 miscentemque
718 788 842 852 frustra
862 787 969 851 minas
989 792 1022 852 et
1036 805 1160 869 preces,
1174 804 1218 849 ac
1233 783 1336 867 depo·

252 891 351 954 situm
371 895 608 972 reposcentem.
652 887 778 966 Quare,
791 887 947 952 diducto¹¹
973 888 1188 962 matrimonio,
1207 887 1336 968 seposi-

251 997 306 1054 tus
319 996 392 1054 est'
415 1009 473 1072 per
495 1008 633 1054 oausam
652 988 825 1071 legationis
847 989 880 1052 in
904 988 1120 1053 Lusitaniam.
1164 987 1206 1052 Id
1228 987 1334 1051 satis⁷

251 1092 373 1168 visum,
395 1111 436 1154 ne
459 1109 559 1172 poena
584 1090 690 1154 uerior
715 1091 849 1152 mimum
874 1087 1026 1153 omnem⁸
1048 1088 1254 1170 divulgaret3
1276 1087 1335 1169 qui

251 1196 359 1256 tomen
380 1193 430 1255 sic
443 1211 576 1275 quoqne
591 1190 655 1254 hoc
669 1190 812 1256 disticho
825 1192 967 1254 enotuit:

339 1291 407 1356 Cur
420 1292 507 1356 Otho
525 1293 686 1356 mentito⁹
700 1291 757 1368 sit,
771 1291 935 1375 quaeritis,
949 1291 1029 1355 exul
1042 1289 1190 1356 honoret

336 1392 462 1458 Uxoris
476 1393 626 1458 moeclms
642 1399 792 1474 coeperet
806 1411 882 1457 esse
896 1411 979 1457 sum.

251 1495 460 1560 Provinciam
500 1493 739 1558 administravit
774 1493 997 1576 quaestoribus
1034 1512 1093 1575 per
1128 1494 1242 1558 decem
1276 1511 1335 1558 an·

248 1615 322 1673 nos,
351 1594 573 1660 moderatione
610 1599 707 1677 atque
745 1595 947 1659 abstinentia
975 1595 1140 1678 singulari.
1201 1595 1261 1676 [4.]
1288 1595 1335 1660 Ut

249 1697 381 1761 taudem
407 1697 541 1760 ultionis
563 1697 698 1760 occasio
709 1703 735 1734 ¹⁰
758 1695 837 1760 data
855 1704 919 1769 est,
942 1696 1117 1760 conatibus
1132 1694 1250 1760 Galbae
1266 1697 1335 1779 pri-

249 1817 324 1862 mns
348 1798 510 1862 accessit:
533 1797 720 1880 eodemque
744 1805 909 1862 momento
933 1805 968 1860 et
990 1798 1063 1878 ipse
1082 1816 1175 1879 spem
1204 1797 1334 1879 imperii

249 1899 364 1981 cepit*
380 1917 531 1980 magnam
547 1897 680 1980 quidem
696 1907 760 1962 ex¹
785 1898 972 1963 conditione
988 1906 1183 1980 temporum,
1199 1897 1257 1960 sed
1273 1897 1333 1962 ali·

249 2006 376 2081 quanto
396 1999 554 2081 majorem
574 2005 641 2062 ex*
667 1997 883 2064 affirmatione
905 1999 1037 2064 Seleuci
1050 2006 1069 2033 '
1092 1998 1334 2078 mathematici;

248 2100 319 2182 qui,
333 2117 409 2162 cum
424 2117 499 2161 eom
518 2098 598 2161 olim
620 2100 833 2181 superstitem
858 2099 985 2164 Neroni
999 2100 1070 2165 iore
1082 2100 1333 2182 spopondisset,

695 2278 843 2300 OOOOOO
844 2279 874 2300 Ν

247 2355 372 2410 iore-o
389 2361 549 2410 Exercendum
561 2361 808 2412 anticameram
819 2363 881 2412 Mer.
892 2363 964 2410 l'orr.
993 2359 1065 2410 lot're
1074 2362 1229 2424 deposcentem
1248 2360 1333 2412 Poris.

246 2421 313 2472 Edd.
333 2423 406 2472 llom.
425 2425 524 2474 deducto
542 2425 594 2476 duo
611 2424 707 2476 Medic.
727 2425 802 2476 Fonc.
820 2425 871 2474 duo
889 2426 1010 2475 'forn-t
1027 2425 1067 2474 Ex
1078 2426 1184 2474 Mearm.
1200 2425 1237 2473 ita
1251 2424 1334 2474 edidit

247 2486 357 2536 emron
369 2501 425 2536 crim
437 2501 508 2552 sequ.
541 2488 572 2538 Iu
589 2490 682 2538 ceteris
697 2490 801 2549 scriptis
820 2499 846 2537 et
865 2488 930 2538 Edd.
952 2491 986 2539 Et
1003 2490 1119 2538 rotie-s
1136 2490 1167 2537 le
1184 2503 1254 2538 ιιιιιιιιι
1270 2503 1332 2537 osee.

248 2549 327 2599 Fene.
351 2549 464 2599 llorlem.
487 2553 513 2600 ιἰι
533 2567 605 2602 erese
623 2551 737 2603 hminem
752 2551 819 2601 Edd.
836 2553 901 2602 Veu.
921 2561 953 2602 tr.
976 2553 1089 2601 terminent
1106 2555 1184 2601 etiarn
1203 2553 1228 2600 ln
1249 2551 1334 2600 Paris.

246 2613 309 2662 Mox
320 2613 425 2663 innotuit
434 2616 510 2664 Viud.
522 2619 546 2664 t.
559 2617 631 2666 Cori.
644 2617 730 2666 Pulm.
741 2624 861 2680 uterque,
873 2631 930 2666 cum
944 2617 1010 2666 Edd.
1021 2617 1095 2668 Jnut.
1110 2616 1191 2678 Lugd.
1201 2615 1260 2665 illd.
1269 2615 1332 2679 Arg.

246 2676 335 2740 Steplr.
351 2679 450 2728 discidio
468 2680 543 2728 lueet.
563 2681 690 2731 Fore—a
707 2681 911 2730 Meetiteetliod.
931 2687 953 2730 t.
973 2681 1056 2730 Perie.
1076 2679 1141 2728 Edd.
1161 2681 1233 2729 iloni.
1251 2679 1333 2728 merite

246 2741 343 2790 Medic.
357 2747 378 2791 l.
389 2744 464 2792 Voss.
497 2743 529 2792 lu
538 2742 587 2794 tine
607 2759 664 2806 cop.
676 2746 855 2794 modnmienem
869 2750 939 2808 etque
953 2744 1118 2793 aletiuerrtion
1130 2744 1272 2794 Foco-iti
1288 2743 1333 2793 Sic

246 2805 316 2854 Duu-
328 2813 354 2855 et
366 2805 453 2855 tomen
466 2807 570 2856 Momm.
588 2821 645 2856 curn
664 2808 730 2857 Edd.
741 2809 851 2857 Cernat.
868 2819 894 2856 et
910 2821 980 2871 seqq.
998 2808 1039 2856 ΑΙ.
1056 2823 1104 2856 oce.
1124 2809 1168 2854 alt.
1188 2821 1263 2869 quern
1277 2807 1334 2856 ord.

246 2875 351 2917 tuentur
370 2870 439 2919 Oud.
458 2869 536 2918 weit.
576 2869 607 2918 ln
627 2871 706 2919 Ferro.
726 2881 780 2919 est:
798 2886 875 2919 eor...
896 2871 983 2918 Gellia
1003 2871 1201 2932 praecepte-1
1221 2870 1264 2917 lte
1281 2869 1333 2919 diro

244 2931 309 2980 Mes.
320 2932 395 2981 Torr.
408 2933 465 2981 Pel.
479 2938 501 2981 1.
516 2933 610 2981 Medic.
623 2938 645 2981 1.
656 2947 719 2996 quos
731 2934 814 2982 secuti
824 2932 990 2981 'l'orr.Graer.
1003 2933 1064 2980 Ero.
1077 2933 1135 2994 llip.
1145 2934 1194 2981 deo.
1207 2933 1332 2993 Copulam

243 2999 268 3040 et
277 2999 336 3042 oute
347 3009 377 3042 ee
386 2997 453 3042 eoed.
464 3003 607 3056 agnoscunt
620 2997 709 3060 reliqui
725 2997 789 3044 Mes.
804 3002 830 3044 et
847 2996 1014 3044 restituerunt
1024 2996 1112 3045 Burm.
1125 2994 1192 3042 Ood.
1204 2993 1332 3045 wolfi-2

246 3055 279 3104 m
290 3055 334 3118 eff.
352 3056 466 3106 Heriem.
483 3057 549 3105 lidd.
567 3057 637 3105 Med.
655 3072 694 3120 pr.
712 3058 770 3106 Seb.
792 3058 862 3106 Cald.
884 3057 937 3106 Pro
954 3058 1063 3106 mttere.
1079 3057 1104 3108 iu
1117 3071 1196 3122 marg.
1208 3059 1255 3106 Ed.
1268 3058 1332 3108 Αιιι.

733 3186 839 3237 NOTAE

275 3287 286 3314 ¹¹
303 3280 420 3345 Didaeto]
430 3281 580 3332 Torrentius
586 3284 683 3333 deducto
693 3285 765 3349 legit,
806 3285 934 3335 vinculum
945 3285 1088 3348 potentiam
1096 3283 1119 3333 ei
1129 3283 1274 3348 adjiceret(
1281 3289 1330 3350 dre.

244 3371 292 3406 nec
315 3357 422 3421 probet;
440 3358 549 3408 diducere
570 3360 637 3408 eninr
656 3360 767 3410 dirimere
808 3363 889 3412 l’eulo
900 3361 982 3411 inire:
1001 3362 1146 3425 ‘Dejtcitnr
1155 3360 1329 3412 familiaritate

243 3441 293 3492 est,
311 3439 340 3480 nt
362 3440 389 3482 et
410 3433 534 3485 Horatius
554 3436 599 3485 tit.
612 3450 656 3486 ιιι.
673 3437 725 3488 Od.
743 3442 767 3490 d.
806 3447 889 3498 nnete,
912 3444 970 3500 post
1001 3450 1139 3500 congresso
1158 3443 1186 3485 et
1205 3437 1330 3486 comitata

244 3506 329 3557 ‘Quid
340 3508 360 3554 si
374 3509 458 3570 prisca
476 3509 545 3560 redit
557 3511 655 3576 Venor,
667 3513 765 3562 Didue·
808 3514 887 3568 orto.
898 3521 925 3560 et
937 3518 1078 3574 postremo,
1095 3525 1128 3560 ue
1141 3511 1166 3559 in
1178 3510 1241 3560 urbe
1252 3523 1329 3558 erno·

244 3587 336 3645 torque
346 3582 410 3645 jugo
422 3583 491 3645 cogit
501 3585 618 3644 aheneo:
628 3589 677 3634 &e
806 3589 873 3637 letus
897 3595 995 3648 egeret,
1023 3586 1160 3650 provincie
1191 3586 1329 3635 Lusitania

275 3657 424 3719 'Sepositus
442 3659 489 3722 eet]
507 3659 589 3708 Aliam
606 3674 708 3709 cerream
729 3661 767 3711 ei·
807 3661 968 3725 praeficitur:

242 3731 294 3782 tert
313 3732 419 3783 Tacitus
437 3732 482 3782 lib.
504 3747 567 3783 xrrr.
602 3735 660 3785 Quo
681 3742 766 3785 tameo
839 3746 851 3790 t
870 3737 900 3787 Α.
913 3737 946 3787 U.
959 3738 1055 3788 0821.

241 3809 300 3858 loco
325 3805 460 3858 admodum
483 3795 614 3872 'corrupte
652 3808 766 3872 legitur:
839 3821 854 3846 ⁸·
872 3813 973 3877 Semo]
990 3815 1157 3865 Ptolemuum
1174 3822 1265 3864 vocent
1281 3813 1330 3863 Τι·

242 3883 329 3932 ‘Otho
346 3883 400 3933 eive
415 3899 501 3934 amore
519 3885 644 3938 ineantur,
664 3884 767 3934 leudure
806 3891 874 3940 citur
896 3896 924 3939 et
946 3891 1109 3947 Plutarchus,
1134 3891 1329 3954 trudentesque

242 3957 348 4008 turmam
360 3960 447 4009 uxoris
457 3957 599 4024 (Poppeae)
611 3959 679 4022 opud
691 3959 764 4010 Prin·
805 3965 906 4014 nomine
918 3965 1075 4028 appellemur
1091 3967 1211 4030 colligere
1230 3974 1279 4028 est,
1299 3973 1330 4016 nt

242 4037 335 4100 cipum,
353 4037 621 4098 eiveutrrooeuderet,
638 4053 668 4088 sc
684 4040 706 4087 ei
722 4053 764 4088 ee·
806 4038 837 4087 de
867 4037 1002 4102 llerpoere
1031 4040 1132 4090 Claudii
1161 4041 1274 4091 liberto:
1303 4041 1329 4090 in

243 4108 301 4159 dem
320 4109 424 4162 immine
445 4113 599 4174 potirentur,
618 4111 644 4162 id
662 4127 764 4179 qnoque
806 4113 897 4164 Claud.
908 4115 939 4164 ed
951 4128 1008 4179 cap.
1018 4117 1060 4166 28.
