3084 4836
255 369 340 433 1042
372 383 549 432 ununsrrr
575 354 772 429 excursus
798 382 848 427 ru
873 375 1050 424 suurorrrr
1075 373 1263 423 erusteus.

284 529 358 582 Quod
371 531 402 579 erl
414 530 421 558 ‘
432 530 514 592 legem
522 527 652 578 Clodiem’
669 525 773 588 ettiuet,
782 524 903 586 arbitror,
913 522 1020 586 intelligi
1032 523 1126 586 legem,
1136 521 1226 570 liberte
1237 521 1341 584 reipub·

248 610 306 660 licae
317 608 474 673 temporibus
486 609 578 657 letum:
595 620 612 655 e
622 620 673 670 quo
683 605 736 655 intr
747 605 790 665 rit,
803 605 901 668 ignoro.
933 603 1032 652 Puteut
1043 610 1145 666 purtem
1156 601 1210 664 ejue
1221 601 1286 664 legit
1298 598 1339 650 i'u·

247 691 307 752 irre,
318 704 375 754 que
385 689 522 738 Serretorer
534 685 671 750 prohibuit,
688 698 767 734 nereo
779 682 909 733 aedifieere
919 690 965 732 eut
976 696 1071 732 eruere.
1103 682 1155 732 Sed
1166 679 1339 730 incertiorionn
1395 727 1399 740 ,

249 769 400 832 conjecture
411 775 458 824 ert.
469 775 496 819 et
511 768 567 817 eolo
579 765 680 816 nomine
697 765 823 815 cummuni
835 763 935 814 nititur.
969 763 1019 812 lieo
1030 763 1087 826 ipre
1101 768 1142 812 ert
1160 759 1295 824 ejusmodi,
1308 775 1340 818 ιιι

135 837 138 850 ’
248 851 306 912 lege
318 849 402 913 ulique
413 847 445 896 de
453 847 592 910 pruriueiie
603 845 689 896 enveri
701 845 824 908 potuerit,
835 843 877 892 rel
886 851 964 893 mute
975 855 1032 892 eree
1043 841 1178 892 ridentur:
1191 840 1240 890 niti
1251 841 1293 890 lex
1303 841 1338 890 rie

248 927 387 978 eeribernnr
398 925 481 978 offitio
491 926 549 990 fuit,
561 940 617 992 qure
629 939 687 974 euru
699 924 785 974 multi·
796 923 852 972 eliir
864 924 1007 986 ignoretur.

553 1169 809 1235 EXCURSUS
857 1167 1028 1233 XXXV.

646 1335 697 1386 ho
716 1334 847 1384 nollit.
865 1334 895 1384 C.
914 1337 954 1383 lt.

658 1493 773 1542 Dolenter
788 1489 917 1550 temerii.

276 1607 506 1658 Enrnuuerrotrnor
518 1610 663 1672 elegentem
675 1619 705 1654 ec
717 1603 885 1654 certiroiruem
898 1601 1018 1666 Feretrii,
1038 1603 1143 1652 dolonem
1152 1599 1277 1662 interierit,
1288 1601 1333 1650 im·

243 1687 344 1749 probet,
359 1696 454 1751 praeter
466 1689 539 1748 elion,
549 1687 722 1746 Burmuuuur,
738 1684 785 1732 hec
803 1683 880 1732 elieth
892 1682 1000 1746 ratione,
1016 1681 1085 1747 quod
1096 1680 1232 1731 dicendum
1244 1680 1336 1730 soleret

241 1765 331 1826 injecit,
342 1781 392 1815 non
402 1767 537 1828 interjecit:
552 1763 620 1829 quod
637 1777 669 1813 eu
681 1763 801 1813 Laurum
821 1763 866 1824 eit,
877 1760 988 1812 dubitet.
1023 1763 1158 1812 Enimvero
1178 1763 1235 1812 hren
1252 1761 1333 1810 verbe

241 1859 292 1894 nou
302 1845 399 1895 debent
410 1846 555 1910 siguificare
567 1843 720 1907 petitionem
733 1841 882 1902 Domitiani,
891 1842 984 1892 dolone
996 1839 1105 1903 fectum,
1116 1841 1184 1907 quod
1196 1849 1266 1890 esset
1275 1845 1282 1869 ‘
1292 1839 1331 1890 in·

235 1924 318 1987 jicere
326 1925 343 1974 ε’
360 1940 417 1974 uem
427 1925 461 1974 de
471 1907 520 1974 bre
537 1927 606 1986 r'nox,
618 1921 741 1972 ‘euffodit
752 1923 857 1985 inguine
866 1921 882 1972 ι’
899 1921 946 1970 red
958 1923 1060 1971 modum
1073 1921 1249 1972 obocoudeudi
1261 1921 1332 1970 doio·

238 2003 288 2064 uie,
299 2015 331 2053 ue
344 2003 587 2068 deprehenderetur.
621 2003 676 2065 Ego
688 2015 749 2051 veru
766 2015 819 2050 non
831 2000 934 2062 dubito,
943 2002 1117 2064 conjecturem
1127 2001 1194 2050 hene
1207 2015 1263 2049 eone
1274 2014 1331 2074 cer·

239 2087 300 2131 tntu.
334 2082 402 2132 Nem
418 2082 451 2132 de
467 2081 527 2132 dolo
538 2082 716 2138 antedictum,
733 2079 886 2130 ‘conriiiuut
904 2093 1061 2146 opereturque
1079 2082 1172 2131 obtulit
1181 2079 1197 2141 ς’
1214 2089 1242 2128 et
1261 2094 1331 2141 mox,

237 2159 413 2212 ‘rinirteriore
427 2159 549 2224 brechio,’
560 2163 609 2211 dre.
641 2160 672 2209 lu
683 2161 723 2209 hir
735 2166 775 2210 eet
787 2159 869 2210 dolur.
901 2161 952 2210 Sed
965 2176 1024 2224 pere
1035 2161 1085 2211 doli
1097 2168 1138 2211 ert
1149 2161 1226 2210 etiem
1235 2161 1259 2207 in
1272 2161 1331 2215 hoc,

237 2238 306 2300 quod
318 2239 515 2288 instrumentum
525 2240 603 2289 credie
616 2239 672 2302 ipre
683 2239 755 2302 here,
765 2239 802 2289 rei
814 2237 894 2301 dicte,
903 2241 1012 2290 ineerult
1023 2237 1119 2295 freciis.
1130 2246 1157 2288 et
1170 2241 1205 2288 ite
1217 2239 1330 2288 occultu·

237 2317 284 2378 rit,
297 2331 329 2367 ne
341 2319 593 2383 deprehenderetur:
610 2318 637 2368 id
656 2317 764 2382 lectum,
781 2319 935 2383 'interjecto
952 2319 1021 2368 iuter
1039 2320 1110 2368 innuo
1128 2325 1155 2369 et
1173 2316 1267 2367 teretur
1285 2317 1330 2365 do·

237 2396 315 2446 lone!
349 2399 413 2447 Cum
432 2398 468 2448 ite
484 2405 601 2463 pererret
611 2389 883 2464 re,iontruxireetq'oe,
900 2397 1029 2464 profertur
1041 2406 1082 2448 eet
1098 2398 1227 2453 iudicium.
1245 2405 1273 2447 et
1284 2399 1329 2446 ed·

236 2476 336 2538 mirone,
346 2480 395 2526 &n
428 2476 472 2527 Sir
484 2478 553 2542 opud
566 2477 703 2528 Horatium
722 2478 748 2527 iu
761 2477 867 2543 Epodlr,
883 2477 993 2528 ‘Libelli
1005 2479 1073 2528 luter
1086 2478 1205 2541 pulvillos
1218 2477 1332 2540 inueni?

235 2555 408 2610 Philostratus
426 2571 503 2621 porro
519 2559 613 2608 diserte
627 2557 717 2621 trudit,
735 2558 773 2607 lte
785 2558 965 2609 ebreouditum
982 2572 998 2606 ι
1014 2558 1150 2622 stephano
1162 2559 1289 2614 dolonem,
1301 2561 1327 2607 in

235 2634 425 2699 Vitehpolion.
437 2649 501 2688 vtrr.
512 2641 553 2688 hb.
570 2651 619 2689 nee
635 2637 769 2703 credibile,
788 2638 836 2688 boe
855 2639 1059 2702 prteterrulrrum
1079 2652 1094 2686 e
1112 2638 1251 2699 Suetonio;
1269 2653 1328 2688 euru

235 2715 269 2765 rit
279 2723 419 2766 memoratu
430 2717 614 2780 dignioriuruur.
648 2719 759 2768 ‘Dolum
771 2717 944 2782 interjicere,'
962 2719 1054 2768 Letine
1065 2718 1167 2783 quidem
1179 2716 1231 2766 diei
1250 2733 1328 2782 ponte

234 2797 354 2852 arbitror,
365 2797 411 2846 red
420 2809 470 2846 non
483 2811 541 2860 pro,
555 2797 685 2853 adhibere,
697 2798 824 2862 quomodo
835 2805 906 2848 erret
917 2799 943 2847 h.
955 2799 971 2847 l.
981 2798 1152 2862 cupiendum:
1169 2811 1217 2846 nee
1228 2797 1260 2845 ed
1274 2811 1327 2845 reru

232 2875 425 2939 perficiendum,
435 2877 480 2925 red
492 2876 678 2941 impediendum
692 2879 793 2940 potiur;
810 2877 878 2941 quod
898 2877 931 2926 eb
946 2879 994 2926 hue
1011 2879 1068 2926 loeo
1082 2886 1123 2926 eet
1133 2877 1252 2926 uiieuuro.
1279 2879 1327 2927 Tn-

233 2955 301 3004 eitue
312 2956 414 3019 quidem
426 2955 494 3005 Anu.
506 2969 526 3006 r.
536 2960 577 3006 ht.
594 2956 661 3007 dielt
675 2957 771 3006 ‘mineo
789 2957 954 3020 interjicere:
970 2959 1015 3006 red
1036 2958 1071 3006 ibi
1084 2957 1140 3006 dne
1158 2965 1244 3019 purten
1256 2963 1326 3006 eunt.

232 3032 274 3082 he
285 3035 368 3084 iocum
381 3035 529 3086 Philortreti
545 3036 693 3086 nrirornihll
704 3038 801 3098 diriore
817 3037 960 3099 Olearium,
970 3037 1038 3102 quod
1049 3038 1081 3087 ed
1094 3038 1160 3086 hene
1176 3051 1230 3086 reru
1246 3038 1327 3100 perti·

231 3121 301 3164 nent.
333 3114 496 3177 Ipnorrrerit
511 3119 696 3180 oportethuuo
713 3117 1070 3175 tocumsoetoult,etnoum
1083 3117 1240 3168 cereuboni.
1272 3119 1325 3166 Cu·

231 3194 359 3244 eeubouur
377 3196 400 3244 lu
416 3210 460 3244 eno
477 3197 597 3260 exeurplo
615 3197 680 3260 legit
700 3195 795 3260 ipdpne,
815 3211 862 3260 pro
879 3211 929 3262 quo
948 3197 1084 3261 legendum
1097 3205 1169 3261 putot
1181 3195 1323 3260 ipeprrioor.

232 3273 353 3324 Oierriur
365 3282 450 3326 eutem
467 3275 546 3326 hebet
565 3277 591 3326 iu
609 3284 685 3328 textu
705 3277 797 3342 dpripor
814 3277 898 3341 πήχει,
917 3279 1064 3341 rertitquer
1079 3277 1215 3326 rubneoteru
1233 3278 1325 3326 abito.-

230 3355 298 3420 qnod
316 3355 424 3419 intelligi
442 3370 494 3404 non
510 3365 611 3420 potent:
630 3371 679 3408 uec
696 3359 774 3408 tollunt
793 3359 899 3408 alteriue
910 3357 1030 3407 leotionie
1047 3359 1203 3408 mentionem
1215 3359 1242 3406 ln
1253 3359 1323 3407 notio

231 3431 304 3497 feeit,
315 3441 360 3484 eut
369 3435 478 3492 indicet.
489 3436 557 3486 uude
568 3436 633 3486 hene
645 3437 781 3488 lectionem
792 3439 895 3489 hubent.
913 3437 995 3486 Nihili
1005 3445 1091 3487 nutent
1104 3451 1153 3487 ron
1165 3445 1206 3488 ert
1218 3436 1324 3501 dpripne.

232 3513 299 3563 Nem
316 3527 348 3563 ex
366 3517 483 3578 orologio
498 3516 606 3566 deberet
623 3531 679 3567 eone
699 3518 805 3582 irrlpm
825 3519 869 3568 red
888 3519 945 3581 ejus
960 3518 1152 3581 compositionis
1175 3519 1323 3582 exemplum

229 3594 327 3643 nuiluot
339 3601 414 3644 extet
424 3595 450 3644 lu
465 3597 574 3646 Lexleie.
607 3595 744 3648 lueeteudi
754 3607 839 3648 eutem
852 3604 878 3646 et
890 3597 1065 3661 interjicieudi
1078 3598 1127 3647 rim
1139 3597 1235 3648 hebent
1246 3598 1296 3646 elin
1307 3612 1323 3646 e

228 3673 308 3722 verbu
318 3671 369 3736 ripn
380 3675 530 3738 componite,
540 3684 568 3726 ut
579 3673 666 3739 eripe,
677 3675 763 3738 deripe,
774 3685 801 3728 et
812 3675 921 3739 ropeipnr,
935 3678 1002 3740 opud
1018 3679 1158 3740 Longinum
1169 3676 1241 3735 Seut-
1252 3682 1276 3726 b.
1288 3692 1321 3725 ex

228 3751 434 3818 AEechyio‚qrrod
447 3755 552 3805 verbum
563 3755 675 3806 nondum
692 3763 731 3805 ent
749 3757 775 3806 in
794 3757 1025 3821 Lexicieruigttir.
1059 3758 1151 3822 [teque
1172 3759 1255 3822 legero
1276 3766 1322 3806 eut

231 3833 331 3896 irripere,
343 3843 387 3882 atti
398 3833 514 3898 παρείρας.
