3084 4836
509 335 559 384 au
582 331 759 384 euenorn
783 333 967 384 uernans.
1192 319 1279 386 1⁰86

499 639 753 708 EXCURSUS
786 641 973 710 XXVIII.

589 839 637 889 An
657 842 786 894 uouttt.
805 843 834 894 C.
852 849 877 894 2.

519 1017 638 1068 murrea
651 1034 677 1068 aa
693 1023 831 1085 participem
849 1024 951 1086 imperii.

225 1145 287 1196 Noa
302 1143 430 1206 pugnabo,
444 1143 571 1205 principem
588 1145 706 1208 imperiia
723 1147 847 1197 Suetonio
858 1148 952 1200 iirirre:
970 1158 1083 1202 ueterum
1103 1153 1172 1205 illam
1189 1155 1279 1208 leutio·

196 1213 253 1270 ne'rn
273 1235 323 1270 non
337 1230 388 1270 tarn
401 1220 545 1277 abrurdam,
563 1229 590 1270 ut
608 1223 661 1272 vira
681 1230 729 1280 eet,
747 1233 818 1287 puto.
852 1227 963 1291 Etenim,
980 1232 1071 1294 primo,
1089 1241 1232 1284 consortem
1251 1242 1279 1285 et

194 1301 346 1363 participem
365 1299 463 1363 imperii
474 1300 548 1348 initio
559 1303 662 1364 agnouit
674 1301 766 1352 lituo:
785 1303 842 1354 aide
863 1307 886 1354 in
904 1307 955 1355 Tit.
970 1323 994 1358 e.
1010 1313 1035 1357 u.
1067 1311 1189 1361 Similiter
1209 1313 1279 1376 apnd

194 1379 374 1428 philostratum
387 1379 412 1426 iu
424 1379 483 1427 Vita
496 1379 626 1442 Apollonii
639 1394 676 1431 vt.
693 1385 735 1430 ³2.
747 1380 842 1432 direrta
853 1397 957 1433 coueorr
969 1385 1069 1450 imperil
1079 1396 1194 1440 vocatur.
1225 1391 1281 1440 Do·

193 1459 312 1506 mititnna
332 1457 428 1506 dieitur
448 1457 532 1507 'l'itunr
554 1461 696 1524 enetoliara,
717 1461 745 1509 oi
763 1461 793 1509 ri
814 1461 854 1524 ξὺν
870 1465 965 1526 ἂδιλφᾷ
984 1465 1065 1528 ἅρχων
1087 1467 1162 1516 δεινὸν
1180 1455 1280 1530 ripo'ipe.

192 1553 240 1592 roa,
251 1536 354 1586 miri
368 1535 408 1597 tir
424 1537 494 1599 epae?
511 1537 550 1586 rui
561 1542 673 1601 ’χρηστᾷ
707 1540 793 1605 Atque
811 1543 837 1591 id
849 1545 1004 1593 consortium
1016 1547 1040 1594 ei
1052 1546 1205 1610 debebatur,
1222 1549 1280 1611 qnia

192 1615 281 1665 cem
291 1622 346 1663 erat
355 1615 424 1679 qnod
437 1624 490 1664 tum
500 1623 564 1678 eret,
574 1631 666 1666 nomeu
677 1620 785 1682 imperii.
829 1623 873 1670 bio
883 1623 1032 1672 Lactantius
1043 1624 1074 1673 «le
1083 1627 1162 1676 Mort.
1174 1625 1281 1676 Perseo.

192 1709 217 1744 e.
234 1699 258 1743 7.
291 1695 490 1756 Diocletianum,
505 1695 575 1751 dicit,
587 1699 655 1746 ‘trea
672 1699 814 1762 participer
835 1702 905 1764 regni
924 1703 963 1752 rol
980 1701 1082 1766 tectore,
1101 1705 1200 1754 etiarnsi
1216 1719 1280 1754 uuoa

192 1783 294 1824 tautum
307 1774 448 1836 Augoetua,
463 1775 513 1823 dou
528 1775 643 1825 Caeaareo
655 1776 735 1826 fuere.
768 1779 933 1829 Manifestum
947 1794 1021 1843 porro
1033 1788 1085 1842 ert,
1102 1781 1279 1833 Domitianum

192 1865 244 1902 non
254 1853 441 1902 oonaortlonem
454 1855 552 1914 imperii
565 1857 698 1919 qunairae,
714 1863 758 1906 aut
768 1859 892 1908 aoeietate
904 1859 1004 1922 imperii
1026 1865 1173 1909 contentum
1191 1859 1281 1921 irritae,

192 1929 240 1980 'aed
252 1932 333 1981 aulum
344 1933 471 1994 imperare
483 1933 599 1990 voluitne,
611 1942 687 1999 atque
699 1936 793 1998 primae
806 1944 907 1997 tenere,
916 1944 994 2000 atque
1005 1937 1053 1986 bac
1065 1935 1097 1986 tle
1108 1951 1184 1987 enum
1197 1941 1280 1988 tulioi·

101 2077 103 2082 ¹
193 2015 262 2058 tatae
277 2011 415 2060 exercituo.
446 2013 538 2074 Neqne
550 2013 679 2062 dubitavit
691 2013 754 2077 ipre,
771 2016 828 2063 rivo
846 2013 928 2064 adimo
943 2015 1015 2076 Tito,
1032 2029 1060 2064 ae
1077 2025 1221 2066 oonaurtem
1234 2019 1282 2066 im·

193 2089 259 2151 perii
277 2102 341 2138 eoae.
379 2089 444 2137 Nam
463 2103 519 2139 oum
541 2090 643 2139 Flavini
665 2091 782 2152 Sebinno,
799 2093 921 2154 patruelia
943 2100 970 2142 at
991 2093 1045 2142 'rttt
1064 2107 1153 2157 gener,
1180 2095 1281 2145 albatos

194 2169 320 2217 minirtroe
331 2167 447 2230 baberet,
464 2169 619 2224 rioutTitur,
630 2176 655 2219 et
667 2169 732 2232 ipae,
751 2171 793 2220 uir
804 2169 900 2234 tyrum,
916 2170 991 2226 dixit,
1008 2171 1181 2234 πολυκοιρανίη.
1213 2175 1282 2236 Ergo

195 2248 327 2309 particeps
337 2245 437 2309 imperii
448 2245 505 2308 luit,
521 2255 548 2295 et
562 2261 590 2296 ae
601 2261 658 2297 eoae
669 2257 813 2298 eonaortem
833 2249 933 2313 imperii
946 2250 1065 2301 eredidit.
1098 2251 1187 2301 Quid?
1202 2253 1282 2316 quoti,

193 2327 255 2374 vieo
269 2325 352 2374 adhue
368 2331 453 2388 patre,
468 2324 656 2390 quodammodo
674 2327 804 2391 perticepr
822 2329 922 2390 imperii
934 2327 992 2378 stult.
1024 2328 1116 2393 Itaque
1133 2328 1199 2378 inira
1217 2343 1240 2378 e.
1257 2335 1282 2379 9.

197 2403 271 2454 initia
283 2404 338 2467 ejna
351 2410 479 2467 ponuntur
491 2405 516 2454 in
528 2406 652 2468 principio
661 2405 761 2470 imperii
772 2407 883 2469 paterni.
926 2407 1008 2458 Quam
1020 2423 1083 2470 ergo
1095 2408 1192 2456 diceret
1205 2417 1284 2457 trata·

194 2490 284 2532 mento
292 2481 408 2532 fraudem
418 2483 568 2548 adhibitam,
585 2498 633 2548 per
642 2485 709 2549 qnod
721 2486 853 2549 particept
863 2485 963 2547 imperii
975 2500 1032 2535 erra
1049 2485 1197 2553 debuinet?
1230 2487 1283 2536 Ne·

198 2575 248 2626 que
260 2563 369 2626 denique
380 2563 494 2620 volebat,
509 2563 595 2613 Titum
607 2579 656 2614 nou
668 2565 820 2628 perticipem
832 2578 888 2614 eure
899 2565 1009 2627 imperii,
1018 2565 1062 2612 aed
1072 2578 1123 2612 uou
1132 2564 1283 2628 principem.

195 2641 312 2704 flettteer,
329 2649 368 2698 ut,
386 2649 460 2704 patre
479 2642 546 2698 rivo,
561 2641 634 2691 ‘l'itua
653 2641 752 2704 imperii
770 2642 900 2705 particepa
920 2641 1022 2703 suiaaet,
1036 2641 1080 2690 red
1098 2642 1143 2702 ita,
1159 2649 1186 2692 ut
1210 2651 1284 2705 pater

196 2721 280 2783 maior
295 2721 360 2784 ipao,
375 2721 542 2782 et¹princapa
560 2719 661 2782 imperil
678 2726 763 2769 ereetr
781 2721 818 2769 ita
836 2719 937 2769 uniebat
954 2719 1099 2769 bominiboa
1119 2723 1285 2782 per-euadere,

199 2807 299 2862 patrem
316 2803 470 2848 teatamento
488 2799 596 2860 uariare,
613 2806 642 2848 ut
659 2799 715 2862 ipae
732 2799 852 2862 princepe
869 2797 970 2861 imperii
992 2805 1071 2858 eoaet,
1091 2797 1165 2846 Titne
1185 2805 1283 2848 tautum

199 2892 308 2929 aourorr.
343 2879 419 2942 Naro,
435 2876 502 2941 quod
516 2893 539 2928 o.
554 2882 579 2928 o.
596 2877 744 2942 ‘privatur'
754 2878 849 2927 dieitur
865 2877 985 2926 anta‘l'lti
999 2883 1106 2926 mortem
1128 2875 1216 2938 iniaoe,
1232 2876 1283 2930 illir

200 2956 357 3020 temporibna
368 2955 445 3004 etlam
458 2957 597 3019 participer
610 2956 710 3019 imperii
720 2956 758 3006 alo
770 2955 942 3005 vorabantur:
955 2956 1015 3018 qnia
1027 2954 1151 3017 ‘principi
1162 2953 1169 2978 ’
1179 2957 1285 3018 opponi·

200 3043 243 3085 tur
253 3032 403 3099 ‘privatum'
419 3033 566 3097 ‘princepe’
577 3040 661 3084 autern
674 3035 778 3098 propria
790 3048 853 3083 unur
865 3041 931 3084 erat.
965 3036 1125 3083 Burmanuoa
1137 3033 1285 3098 dubitabat,

201 3129 234 3162 an
245 3116 378 3177 eleganter
398 3095 425 3161 e't
437 3126 468 3161 eu
481 3127 526 3161 nan
537 3115 649 3177 antiane
670 3114 818 3163 Latinitatis
840 3113 890 3162 diei
909 3121 996 3178 pooiet
1012 3115 1149 3178 ‘princepe
1167 3113 1286 3178 imperil.'

202 3193 258 3255 Ego
269 3205 387 3241 veronen
399 3191 498 3241 dubito.
532 3191 579 3252 Ut,
593 3193 660 3254 apud
681 3193 843 3248 Ciceronem,
861 3193 997 3243 Senatorea
1005 3193 1048 3242 ulii
1060 3193 1215 3258 ‘participea
1227 3207 1287 3244 uon·

198 3271 251 3320 allii
263 3269 375 3334 publici:
392 3268 586 3334 alil¹prineipea
596 3271 695 3319 consilii
707 3269 817 3334 publioi'
828 3271 958 3332 dicuutur,
969 3271 1015 3334 aio,
1025 3285 1083 3320 eum
1091 3271 1286 3338 elnoinrperaut‚

200 3345 246 3400 aeri
260 3349 378 3414 inaequali
393 3363 463 3412 pure,
480 3355 508 3397 ut
529 3349 705 3410 tepefactum
727 3357 767 3398 eat
782 3357 841 3398 aute
860 3349 1010 3411 Antoninon,
1025 3351 1142 3398 niterent
1153 3349 1286 3413 ‘princepe

202 3428 322 3492 imperii,’
344 3428 410 3476 alter
430 3425 597 3490 ‘porticuum'
613 3428 667 3475 aire
690 3426 822 3476 'coneum'
841 3427 978 3490 ‘imperii'
1010 3428 1102 3492 Itaque
1112 3427 1207 3488 fateor,
1227 3427 1286 3477 milri

202 3509 331 3571 antiquato
350 3507 418 3555 illam
429 3505 565 3555 lectionem
577 3505 656 3567 tuagia
675 3507 787 3568 placere,
804 3506 1021 3568 reatituiroemque
1031 3507 1088 3554 loeo
1100 3503 1168 3554 nude
1179 3506 1287 3570 tlepnlua

204 3593 253 3647 eat,
270 3587 317 3634 niel
332 3586 434 3635 oudieeo
450 3585 510 3634 buui
522 3586 663 3648 obttarent,
680 3591 786 3648 propter
805 3598 909 3648 quornm
921 3585 1099 3633 anctoritatem
1119 3585 1144 3632 in
1163 3593 1287 3634 contextu

203 3667 310 3714 alteram
331 3665 448 3714 toleravi.
479 3664 656 3726 (Muuiieatnm
676 3665 793 3713 mendum
811 3677 866 3711 aeae
887 3665 1015 3727 principem
1035 3663 1134 3726 Imperii,
1159 3671 1186 3711 et
1206 3665 1243 3712 rei
1261 3672 1288 3713 et

204 3744 351 3792 Latinitatia
371 3743 435 3792 ratio
456 3743 544 3792 uincit.
589 3745 675 3806 Longe
697 3745 826 3793 divorsum
848 3757 927 3805 genna
948 3743 1070 3807 loquendi
1093 3751 1133 3791 eat
1152 3743 1288 3805 'princepe

205 3822 322 3878 constiti:
344 3835 393 3886 qno
416 3822 514 3870 initeris
542 3823 686 3874 Ernestium
712 3825 783 3874 abuti
809 3825 923 3886 potuisse
946 3823 978 3871 ud
998 3822 1059 3871 iilud
1088 3821 1288 3871 defendendum.

209 3901 293 3964 Wolf-l
