3090 4824
509 958 566 1034 M.
612 955 840 1034 SALVIUS
886 951 1064 1029 ΟἸῊΟ.ί

245 1571 444 1664 Masoans
478 1596 621 1664 Othonia
648 1597 712 1662 orti
744 1602 843 1660 sunt²
870 1596 998 1679 oppido
1023 1594 1249 1670 Ferentino,³·
1280 1593 1330 1656 fa·

245 1701 338 1764 mitia
354 1709 463 1765 vetere
484 1707 520 1762 at
542 1699 715 1774 honorata,
741 1701 841 1778 atque
864 1717 909 1760 ax
941 1696 1149 1780 principibus
1179 1693 1329 1758 Etruriae.

244 1799 341 1864 Avus
361 1799 412 1865 M.
427 1800 587 1864 Salvius*
602 1795 701 1874 Otho,
716 1803 808 1878 patre
832 1797 950 1880 Equita
973 1797 1137 1874 Romano,
1152 1801 1253 1860 matre
1272 1796 1331 1858 hu·

244 1902 326 1980 mili,
343 1902 504 1964 incertum
520 1919 565 1964 an
579 1901 732 1980 ingenua,
747 1918 806 1980 per
824 1899 962 1979 gratiam
987 1899 1094 1963 Livioe
1109 1896 1281 1980 Auguatae,
1297 1898 1332 1959 iu

246 2002 344 2084 cujus
359 2001 457 2064 domo
473 2003 631 2076 creverat,
643 1999 784 2062 Senator
796 2006 847 2061 est
860 1999 991 2075 tactus,⁵
1013 2019 1073 2063 neo
1089 2005 1243 2081 praeturae
1260 2016 1332 2080 gru·

245 2101 322 2164 dum
344 2101 499 2164 excessit.
545 2100 647 2163 Pater
670 2098 709 2163 L.
727 2097 830 2176 Otho,
848 2105 995 2163 materno
1017 2118 1139 2181 genera
1162 2099 1332 2181 praeciarn,

245 2201 489 2281 multarumque
515 2199 571 2264 et⁶
595 2219 786 2280 magnarum
812 2201 1106 2282 propinquitatum,
1129 2209 1195 2264 tam
1222 2217 1331 2274 carne,

247 2303 399 2383 tamqna⁷
425 2319 490 2364 nnn
513 2300 675 2364 absimilis
690 2299 774 2364 facie
789 2300 926 2363 Tiberio
948 2300 1095 2384 Principi
1118 2301 1190 2378 suit,
1206 2309 1244 2364 nt
1266 2300 1333 2382 plo-

701 2509 803 2532 cuono
807 2509 879 2531 eun

280 2661 293 2708 1
311 2659 381 2711 Ond.
393 2667 421 2708 et
431 2659 509 2711 wolf.
520 2659 619 2710 addunt
630 2659 688 2710 iiber
697 2661 819 2722 reptimrr,
830 2659 913 2709 secuti
929 2658 1051 2707 librorum
1070 2671 1188 2708 numeror
1206 2673 1268 2723 quor
1287 2673 1333 2720 ap·

247 2723 387 2787 pinxerunt
399 2725 507 2774 Carenb.
523 2733 551 2774 et
567 2725 653 2774 Graev.
674 2725 698 2772 in
717 2725 767 2773 Ed.
784 2725 843 2787 maj.
852 2737 886 2771 ex
897 2723 1042 2772 terrimonio
1053 2722 1150 2786 suido,
1161 2724 1205 2787 qui
1215 2725 1261 2782 ait,
1270 2724 1334 2772 Sue·

246 2795 300 2836 ton.
312 2789 444 2838 Casurum
458 2789 528 2837 Viter
543 2796 603 2837 octo
614 2788 685 2837 tibris
697 2788 877 2851 descripsisse:
897 2788 964 2835 uude
981 2787 1091 2848 reprimo
1109 2789 1174 2836 libro
1185 2787 1334 2850 complexae

248 2859 289 2902 ert
301 2859 352 2900 tres
362 2853 436 2900 Vites
453 2853 530 2903 ueto.
542 2851 604 2900 our.
621 2861 650 2900 et
661 2853 749 2900 Vitett.
768 2859 859 2900 octavo
878 2857 930 2898 tres
946 2851 1089 2898 Flauiorum
1101 2851 1183 2900 Vitae.
1195 2852 1283 2900 Burm.
1297 2852 1334 2898 in·

247 2917 327 2964 cttnet
343 2917 369 2964 in
386 2931 473 2965 eorum
492 2917 655 2977 senteutiam,
668 2917 711 2979 qui
731 2922 770 2963 tot
786 2914 906 2963 facerunt
921 2914 982 2964 libb.
994 2922 1056 2978 qrrot
1073 2922 1132 2962 aunt
1144 2915 1220 2967 Vita,
1236 2922 1264 2962 et
1275 2915 1333 2964 huic

249 2979 360 3041 opinioni
372 2978 443 3027 taret
456 2979 550 3028 Medic.
563 2983 586 3026 ³.
598 2979 681 3043 inquo
692 2978 732 3026 trie
743 2979 851 3039 tegitur:
872 2979 960 3040 incipit
969 2980 998 3027 de
1011 2977 1102 3026 ortam
1112 2978 1165 3026 ut.
1178 2978 1252 3026 V111.
1263 2986 1290 3026 et
1298 2979 1334 3028 nic

248 3055 326 3104 porro
337 3042 393 3091 Lib.
410 3043 462 3090 VH
465 3043 501 3090 11.
514 3043 549 3091 X.
562 3055 642 3106 nequa
655 3042 687 3089 ed
701 3042 766 3090 ΧΗ.
778 3057 825 3092 nec
838 3057 911 3091 tecue
924 3041 1060 3106 praefigunt
1076 3044 1118 3089 Ιιοι
1136 3055 1254 3089 numeror
1266 3042 1333 3091 Edd.

249 3104 310 3154 sib.
319 3104 474 3154 cicun-a
483 3106 543 3154 Sunt
553 3105 672 3154 ortiEdd.
683 3115 742 3155 ante
750 3105 856 3156 Cranno.
866 3107 1042 3169 preteritum.
1051 3113 1141 3154 contre
1150 3105 1336 3154 Mar-artium

248 3168 446 3218 vindmense.
463 3171 508 3217 sed
525 3172 633 3218 atterum
648 3170 673 3217 in
684 3184 761 3228 marr.
794 3171 826 3218 ln
838 3171 953 3219 Heriem.
965 3170 1071 3218 deerant
1084 3169 1168 3231 priore
1179 3169 1253 3231 hujus
1264 3171 1333 3218 Vitre

248 3231 328 3281 rerba
344 3233 375 3280 ed
391 3247 495 3295 procurre.
513 3233 568 3292 Afr.
585 3237 722 3296 nnqne.-·8
739 3233 841 3282 Ferrato
853 3233 917 3282 Cod.
928 3235 987 3282 Urs.
1007 3233 1117 3282 Ferentio
1126 3231 1222 3282 Medio.
1232 3238 1257 3281 2.
1275 3247 1336 3282 arn.

249 3311 289 3360 pr.
300 3297 423 3345 Vota-t
442 3296 532 3346 Sitriur
543 3297 581 3345 rei
598 3295 694 3358 syrum
705 3297 768 3346 Mar.
780 3299 813 3347 0.
826 3304 854 3346 et
870 3296 936 3346 Edd.
949 3298 1020 3345 Vett.
1032 3297 1079 3344 niti
1091 3298 1159 3361 quod
1171 3297 1197 3344 iu
1209 3297 1286 3346 Fonc.
1303 3300 1337 3346 ait

241 3361 312 3424 filine
325 3362 357 3408 0.
369 3358 410 3410 Cf·
421 3359 497 3410 Gaio.
507 3375 530 3409 c.
541 3365 566 3409 (t.
577 3367 604 3409 et
616 3365 702 3410 lt.-·5
721 3361 835 3410 Foct.ert
853 3359 1024 3410 Periavind.
1038 3365 1060 3408 1.
1076 3361 1142 3409 Edd.
1159 3362 1231 3409 Rom.
1265 3362 1334 3410 Dein

250 3424 282 3472 L.
294 3438 440 3486 prenomen
451 3424 527 3473 deest
538 3424 633 3473 Medic.
646 3429 716 3474 1.-6
732 3425 776 3473 lta
785 3424 866 3473 edidit
879 3425 947 3473 Ond.
964 3425 1119 3473 anctoritate
1136 3424 1231 3472 Medic.
1242 3427 1266 3472 ³.
1285 3426 1336 3474 Po·

250 3488 291 3535 tit.
299 3488 378 3536 Vind.
390 3488 461 3537 Cort.
472 3490 545 3539 Vorr.
558 3490 621 3551 Cop.
634 3489 717 3537 Perta
730 3489 796 3537 Edd.
807 3503 867 3537 aar.
878 3501 924 3535 xv.
937 3487 1002 3536 Bon.
1012 3487 1199 3552 Steph.quitrur
1210 3487 1336 3538 accedunt

250 3551 322 3600 Dnn.
335 3551 411 3599 Four.
446 3551 507 3608 Atii,
518 3553 595 3600 etiam
610 3553 669 3600 Era.
680 3549 759 3600 Wott.
770 3565 909 3612 magnorum
917 3566 983 3612 prop.
1014 3550 1107 3599 Statim
1125 3551 1335 3614 propinquitatum

251 3614 360 3679 praetert
370 3614 440 3665 Oud.
451 3629 509 3664 cnm
521 3616 624 3665 Memm.
637 3616 694 3678 Cuj.
707 3615 781 3665 Vorr.
794 3616 941 3678 obrepet
960 3615 1079 3678 Tanquam
1090 3615 1156 3664 Dnu.
1191 3616 1254 3664 Mox
1268 3631 1295 3664 eo
1309 3631 1336 3664 eo

742 3777 848 3828 Nom

283 3883 294 3908 ¹
312 3875 449 3938 Ferentino]
467 3873 596 3936 Ferentio,
608 3874 648 3922 rel
659 3873 774 3923 Ferenti·
813 3873 893 3922 ratius
906 3871 964 3922 Ode
975 3877 998 3922 t.
1019 3872 1061 3922 lib.
1074 3885 1116 3920 ιιι.
1138 3886 1188 3921 non
1211 3871 1298 3934 procui
1321 3885 1336 3919 e

251 3965 303 4014 um,
313 3951 434 4014 oppidum
446 3948 661 3999 Etrurioerhodie
672 3949 774 3998 Ferrato
813 3948 1094 4012 Venurieejuspetria.
1130 3949 1171 3998 De
1184 3949 1290 3998 Etrusca
1301 3948 1336 3996 ci·

253 4033 302 4085 ert,
322 4035 350 4076 et
369 4025 429 4075 urbe
451 4025 535 4074 Latii:
564 4025 728 4072 Ferentinum
746 4029 773 4072 et
813 4025 894 4075 ritate
905 4024 1006 4074 videtur
1016 4024 1056 4072 hic
1065 4025 1144 4088 toqui.

252 4098 355 4162 Apulia
366 4099 497 4163 oppidum,
507 4099 580 4162 eujue
592 4099 708 4149 meminit
720 4097 774 4147 iio·
