3104 4830
240 353 306 422 892
668 373 700 419 c.
723 371 901 422 scurnum

241 517 417 594 mantibus,
433 516 563 599 ‘ipsum
585 534 660 580 esse
677 513 920 592 Concordiam,'
940 514 1055 579 rediit:
1076 532 1140 578 uec
1156 511 1263 576 solum
1278 532 1329 578 re·

240 620 343 684 tinere
358 639 395 684 sc
405 619 522 682 ferrum
534 619 719 696 affirmavit,
728 637 840 682 verum
855 618 956 682 etiam
968 615 1166 682 Concordiae
1180 615 1327 698 recipere

241 727 450 803 cognomen.⁰
492 721 572 797 [lo]
604 721 811 803 Suasitqne⁴
839 719 985 794 Senatui,
1015 727 1053 783 ut
1089 718 1220 798 legatos
1249 735 1327 780 cum

240 821 422 904 virginibus
437 819 655 886 Vestalibus?
680 822 854 895 mitterent,
870 838 999 902 pacem,
1013 826 1074 883 aut
1095 822 1183 882 certe
1197 825 1327 900 tempus

239 922 282 986 ad
295 921 560 997 consultandum,
572 923 744 1004 petituros,
788 919 954 984 Postridie
968 939 1129 1003 responsa
1144 919 1326 1002 opperienti

238 1025 422 1090 nuntiatum
446 1031 498 1088 est
516 1041 575 1104 per
596 1023 851 1105 exploratorem,
873 1021 1023 1086 hostem⁵
1047 1023 1325 1104 appropinquare.

239 1123 403 1189 Continuo
425 1123 525 1206 igitur
547 1125 724 1189 abstrusus
748 1124 929 1204 gestatoria
955 1123 1066 1199 uella,q
1091 1123 1220 1188 duobus
1242 1122 1325 1188 eolis

238 1225 433 1304 comitibus,
448 1227 575 1308 pistore
590 1233 625 1290 et
648 1244 768 1309 coquo,
781 1224 1007 1290 Aventinum'
1033 1233 1068 1290 et
1082 1233 1252 1309 paternam
1267 1223 1325 1288 do·

236 1347 325 1390 mum
342 1327 427 1390 elam
443 1325 571 1410 petiit,⁶
594 1327 732 1392 ut'iude
754 1327 789 1390 iu
804 1325 1024 1410 Campaniam
1047 1328 1184 1412 lugeret.
1228 1325 1324 1403 Mox,

236 1427 303 1492 levi
318 1447 448 1493 rumore
464 1435 498 1494 et
513 1430 650 1508 incerto,
659 1435 815 1514 mquam
829 1448 898 1512 pax
910 1431 1088 1513 impetrata
1103 1438 1203 1506 esset,
1213 1429 1324 1494 referri

236 1548 273 1592 se
287 1530 321 1593 iu
336 1529 505 1594 Palatium
520 1550 643 1614 passus
657 1538 730 1596 est:
752 1531 812 1596 nbi
827 1549 901 1596 cum
916 1532 1046 1596 deserta
1060 1533 1169 1596 omnia
1183 1531 1324 1614 reperis·

236 1637 312 1707 ect,⁷
327 1631 552 1698 dilabentibus
567 1635 679 1712 etiam,
690 1634 747 1717 qui
763 1635 862 1698 simul
876 1641 979 1709 erant,
990 1651 1076 1698 zona
1093 1653 1130 1698 se
1145 1653 1322 1699 aureorum

234 1729 333 1814 plena
352 1733 586 1815 circumdedit3
608 1735 821 1820 confugitque
843 1737 878 1800 in
902 1735 1055 1801 cellulam
1077 1734 1255 1818 janitoris:
1272 1755 1324 1800 re·

234 1832 338 1916 ligato
366 1854 427 1918 pro
459 1835 586 1900 loribus
623 1855 717 1914 cane,
746 1838 903 1921 lectoque
940 1843 972 1903 et
1008 1836 1132 1902 culcita
1168 1837 1323 1922 objectis.

233 1933 317 2016 [17.]
344 1935 537 2020 Irruperant
561 1937 655 2021 Jam⁸
686 1940 826 2023 agminis
856 1947 1094 2018 antecessores,
1124 1958 1165 2004 ac
1193 1939 1322 2004 nemine

232 2197 299 2245 illanc
309 2212 359 2246 eece
378 2199 448 2247 Cone.
459 2199 537 2248 Viud.
549 2203 573 2250 2.
590 2201 662 2250 cort.
674 2201 802 2252 Fene—l
819 2203 861 2253 ltu
873 2205 978 2254 Momm.
990 2204 1087 2256 Medic.
1099 2203 1150 2254 dno
1160 2205 1232 2254 Torr.
1243 2203 1322 2252 Vind.

233 2261 305 2336 cort.
317 2262 391 2310 vom.
404 2263 482 2312 Faue.
496 2263 567 2313 Dnn.
579 2264 646 2314 Edd.
659 2267 770 2317 Caeruli.
783 2276 810 2316 et
828 2282 899 2334 seqq.
915 2269 986 2318 0nd.
997 2271 1058 2320 Ero.
1071 2278 1099 2319 et
1112 2283 1182 2333 ueqq.
1216 2269 1247 2317 In
1264 2270 1322 2317 rell·

232 2339 289 2384 ann
299 2327 376 2374 aucit
387 2325 444 2376 aar.
479 2326 584 2378 Habent
596 2331 740 2380 unctoribus
749 2333 800 2382 duo
812 2333 896 2383 Palm.
905 2334 988 2382 Perit.
999 2335 1115 2383 llurlem.
1128 2333 1206 2382 Viud.
1218 2337 1242 2381 l.
1254 2331 1320 2382 Edd.

232 2389 306 2439 Rom.
328 2390 389 2438 Sub.
411 2390 478 2439 Bou.
500 2392 575 2442 lunt.
592 2394 673 2455 Lugd.
697 2393 805 2447 Ata-u
827 2397 916 2447 Horten
932 2399 1030 2448 Medic.
1054 2404 1077 2449 1.
1093 2402 1117 2447 Ι.
1145 2399 1223 2448 Polit.
1242 2397 1321 2445 vind.

231 2457 255 2501 2.
274 2453 347 2502 cort.
370 2455 449 2503 Fcuc.
471 2455 536 2518 Cop.
563 2456 639 2505 Hula.
680 2458 773 2508 Statim
793 2463 901 2510 manue
920 2462 998 2512 Fene.
1018 2462 1134 2512 animno
1153 2463 1220 2513 Edd.
1245 2461 1321 2510 Rern.

228 2519 334 2593 sertorio
352 2518 423 2568 Due.
444 2519 509 2582 Cap.
529 2522 636 2582 gertnrr'c
657 2521 779 2572 riute-n
796 2526 864 2575 Petit
880 2527 986 2576 Merum.
1004 2529 1068 2590 Cop.
1085 2528 1161 2577 llula
1182 2526 1280 2575 Medic.
1298 2531 1321 2574 1.

230 2584 255 2628 2.
266 2581 344 2630 Polli.
356 2583 433 2631 vind.
444 2587 467 2630 2.
499 2585 582 2648 Supra
592 2601 642 2648 cop.
654 2590 678 2634 et
688 2589 733 2636 Ac.
747 2589 814 2638 Duo.
824 2605 876 2638 coco
884 2591 980 2641 Medic.
991 2595 1016 2640 2.
1024 2595 1047 2639 a.
1057 2605 1145 2654 meque
1156 2591 1244 2640 Parin.
1255 2603 1321 2639 coece

230 2644 326 2694 Medic.
339 2651 362 2695 1.
396 2647 466 2696 Dein
477 2647 562 2698 incerti
574 2651 727 2699 Merum—7
743 2653 898 2716 Comperiuet
909 2669 974 2704 nune
985 2656 1058 2704 Turr.
1069 2656 1154 2704 Periu.
1166 2654 1233 2704 Edd.
1247 2655 1320 2702 Rom·

131 2705 134 2716 '
228 2709 504 2761 remuneratione.
526 2713 599 2762 Cori.
618 2715 690 2763 elium
700 2716 741 2778 qui
759 2717 825 2766 Edd.
844 2719 931 2768 Plent.
945 2721 1055 2770 cuent).
1071 2727 1098 2768 et
1109 2734 1181 2782 nequ.
1193 2733 1273 2782 ueqrre
1285 2717 1318 2767 ud

230 2773 318 2822 Burm.
335 2776 378 2837 (μή
395 2776 468 2826 dedit
489 2782 514 2824 et
523 2779 574 2840 qni,
594 2777 646 2828 fide
669 2779 753 2829 Perir.
774 2782 891 2832 Heriem.
911 2785 1005 2847 eopes.
1025 2783 1116 2845 Cujnc.
1136 2783 1203 2834 Edd.
1219 2783 1320 2845 antiqq.

229 2836 263 2885 0.
289 2838 381 2888 lnfine
399 2841 499 2890 calcitro
515 2849 569 2890 tren
584 2843 669 2892 Burro.
695 2851 721 2892 et
741 2845 847 2895 totidem
865 2847 935 2898 Oud.
957 2864 1014 2896 cum
1037 2849 1116 2898 Fouc.
1134 2857 1161 2897 et
1179 2847 1319 2897 Eddante

228 2899 314 2953 Pleut.
348 2903 416 2954 Item
427 2906 532 2965 relegato
545 2907 672 2956 Forte-8
688 2908 732 2957 Sic
744 2909 849 2960 Menum.
861 2911 933 2961 Duo.
950 2913 1029 2962 Polit.
1046 2913 1125 2962 Vind.
1139 2917 1163 2962 1.
1175 2913 1240 2975 Cop.
1252 2911 1319 2962 lier-

717 3038 826 3090 NOTAE

259 3128 425 3176 ⁸Coacerdiae
443 3130 545 3194 recipere
559 3135 696 3198 manen]
714 3133 752 3183 Ut
793 3137 874 3187 minor
894 3137 1011 3201 quadem
1030 3139 1102 3194 uelle,
1122 3153 1172 3203 qtae
1192 3139 1269 3188 etiam
1290 3137 1316 3187 in

227 3202 257 3252 L.
270 3201 396 3252 Antonine
407 3203 542 3254 Triumviri
556 3204 646 3271 frater,
656 3207 689 3257 de
701 3223 752 3273 qno
792 3213 919 3262 theutrum
944 3215 1097 3280 quandoque
1124 3213 1317 3264 deserebantur.

226 3279 252 3328 iu
265 3278 332 3342 Aug.
348 3295 405 3344 cap.
416 3285 440 3330 9.
459 3289 487 3330 et
503 3286 543 3330 ue.
558 3285 751 3347 cognominatur
791 3289 829 3338 Ut
841 3289 905 3338 Ner·
916 3305 975 3354 rap.
986 3295 1027 3340 26.

226 3355 287 3403 eat‘
302 3356 388 3405 l’ietur
398 3355 421 3402 ι’
438 3358 471 3408 de
484 3357 540 3406 nde
552 3359 713 3423 Concordia,
725 3363 750 3410 in
823 3373 833 3400 ¹
849 3366 1003 3432 Auenticum]
1022 3368 1072 3417 ilie
1089 3381 1154 3416 uuus
1170 3375 1210 3416 ert
1226 3380 1241 3415 e
1256 3380 1315 3430 rep·

225 3430 285 3479 Tib.
297 3446 355 3493 cap.
366 3436 406 3481 20.
792 3452 843 3493 tem
856 3444 925 3493 urbia
938 3443 1076 3493 montione.

257 3507 426 3572 ll'ertnlidar]
442 3509 538 3559 Harum
550 3525 644 3576 magua
654 3522 712 3564 erut
723 3514 748 3564 in
822 3527 832 3553 ¹
849 3520 964 3569 Cellalum
978 3517 1105 3580 janitoris]
1130 3516 1213 3566 Panlo
1238 3516 1315 3566 aliter

225 3581 475 3648 perturbationibus,
495 3593 547 3634 tnru
564 3589 676 3656 publice,
695 3599 748 3640 tum
790 3594 852 3650 Dio,
874 3593 917 3657 qui
938 3594 1095 3642 occultatum
1115 3591 1186 3640 illum
1205 3591 1269 3641 dicit
1287 3592 1314 3641 in

225 3657 354 3721 privatim,
364 3661 548 3719 componendis
559 3667 709 3726 auctoritas,
720 3673 749 3716 at
789 3669 898 3717 obscuro
908 3667 1018 3732 quodum
1030 3668 1096 3722 loeo,
1115 3666 1159 3715 ubl
1173 3679 1251 3716 canen
1261 3666 1314 3716 ule·

222 3733 276 3796 jem
287 3747 364 3796 cupra
381 3733 406 3782 iu
417 3733 471 3784 Jnl.
483 3737 514 3783 ud
526 3751 584 3800 cap.
597 3743 619 3788 1.
651 3741 701 3790 lin
714 3743 747 3792 ab
788 3743 898 3792 buntur:
911 3742 978 3806 qood
987 3741 1146 3805 dejecitorlr
1156 3741 1314 3805 ipuucellula

222 3807 337 3858 Antonio
348 3809 438 3858 Primo
449 3810 544 3861 honore
561 3814 640 3864 multo
655 3830 746 3880 aecep-
788 3831 837 3866 non
853 3817 957 3866 ridetur
968 3816 1179 3879 intelligendum,
1198 3818 1313 3882 quumvis

223 3891 257 3933 tre
267 3892 293 3936 rt
301 3885 413 3935 renium
433 3895 511 3936 cunt:
529 3890 607 3952 legati
620 3892 653 3940 ab
664 3894 747 3944 altero
787 3895 854 3944 euim
870 3893 984 3944 Romano
996 3901 1023 3942 et
1035 3892 1130 3942 Graeco
1141 3906 1212 3942 more
1223 3892 1259 3941 ibi
1270 3907 1314 3942 ca·

223 3964 349 4023 exercitu,
366 3963 422 4026 jam
452 3965 519 4016 enirn
541 3967 592 4017 duo
614 3972 745 4022 exercitus
786 3983 832 4018 uer
843 3978 940 4032 eruent,
951 3969 1019 4018 unde
1031 3969 1164 4031 inscriptio
1178 3965 1313 4033 accep-e

222 4034 254 4082 ad
266 4036 361 4085 Urbem
371 4038 542 4102 recedebunt,
554 4043 649 4095 violati.
786 4047 947 4102 Petronium,
974 4043 1063 4104 ‘euve
1089 4044 1168 4106 caue}
1195 4046 1313 4109 apponite

254 4111 421 4164 remorata
433 4117 503 4180 cello]
526 4118 745 4173 Tartaream.
786 4123 844 4172 ceni
866 4137 914 4185 pro
935 4118 1033 4171 foribnr
1051 4120 1131 4183 picto,
1152 4133 1202 4169 uon
1225 4129 1312 4171 temen

222 4186 746 4259 ilintullnlumdicit,quumlricmertato·
785 4195 1294 4250 alendircunllmrloenuilludentinutnc.

222 4263 283 4314 rium
295 4263 402 4328 uellem,'
411 4265 478 4317 uude
489 4267 591 4320 ridetur
601 4272 656 4322 liae
667 4271 745 4327 iniere
