3118 4852
452 391 501 439 nn
523 385 660 439 ocsnrs
682 383 846 438 sunnon.
871 383 996 433 ursus.
1180 363 1267 430 rtoo

187 539 245 600 sut
266 529 487 620 ‘judicieles'
530 531 679 596 illustres
697 528 915 614 professores,
929 533 964 590 et
986 539 1126 606 quorum
1142 539 1267 586 memo·

188 638 240 699 ris
254 635 367 717 sitque
381 637 483 710 extet,
498 651 565 696 non
581 638 704 711 temere
719 631 777 696 ulii
792 629 1006 712 reperientur,
1020 641 1121 708 qusm
1136 623 1178 687 de
1193 622 1266 705 qui-

192 735 259 798 bus
274 733 413 796 tredum.

229 817 291 916 [2]
314 831 354 896 L.
378 829 501 914 Plotius
517 827 653 894 Gallus.r
696 831 750 894 De
775 831 841 892 hoc
865 827 986 893 Cicero
997 835 1023 866 ¹·
1048 825 1091 891 ed
1114 825 1164 888 Μ.
1185 823 1269 888 'Piti-

187 934 296 998 uium·
311 935 360 999 sic
374 933 489 998 refert:
513 930 701 1016 ‘Equidem
719 931 876 995 memorie
897 935 1006 1001 teneo,
1022 928 1136 1010 pueris
1159 925 1270 1001 nobis,

188 1036 328 1117 primum
344 1036 462 1100 Latine
484 1035 604 1100 docere
626 1033 774 1114 coepisse
790 1031 840 1094 In¹
858 1030 1003 1094 Plotium
1019 1026 1203 1111 quendum:
1226 1025 1271 1090 ed

188 1155 284 1218 quem
307 1155 382 1200 cum
405 1135 499 1200 fieret
519 1152 713 1210 concursus,
736 1132 824 1216 quod
846 1131 1109 1197 studiosissimus
1129 1129 1271 1211 quisque

188 1234 279 1318 apud
309 1255 383 1300 eum
408 1243 622 1314 exerceretur,
651 1233 818 1310 dolebam,
845 1231 925 1297 milri
950 1231 1035 1295 idem
1064 1248 1132 1294 nou
1160 1229 1271 1292 licere.

190 1334 392 1402 Contineber
406 1321 513 1402 eutem
529 1336 795 1400 doctissimorum
811 1334 979 1397 hominum
994 1331 1203 1407 auctoritate,
1215 1329 1274 1412 qui

190 1436 441 1512 existimabunt,
465 1437 597 1502 Graecis
619 1433 910 1499 exercitationibus
934 1431 978 1495 eli
1002 1431 1121 1494 melius
1142 1429 1274 1512 ingenis

189 1535 310 1619 posse!
353 1538 455 1602 Hunc
470 1536 613 1601 eundem
627 1533 720 1620 (nuru
734 1533 921 1599 diutissimo
938 1528 1039 1614 vixit)
1062 1529 1111 1594 M.
1126 1527 1275 1593 Goelius‘

190 1793 737 1922 murus,
745 1793 824 1908 ru·
830 1789 1276 1920 cursuscursus:

191 1919 275 1969 Dedit
292 1921 384 1970 Pitise.
400 1923 553 1984 appellatione
571 1923 657 1970 Graec
674 1919 800 1982 sundere.
832 1921 896 1969 Mox
912 1925 988 1968 eostr-
1005 1919 1100 1981 quidese
1114 1917 1188 1966 Voss.
1202 1918 1275 1967 Hert.

191 1988 256 2031 -rc
274 1983 357 2033 cicere
375 1985 403 2032 is
421 1985 519 2048 epistole
536 1987 567 2034 ud
584 1985 623 2034 M.
634 1985 715 2034 Porro.
731 1985 804 2034 Coll).
822 1983 949 2046 prebente
968 1980 1045 2030 Wott.
1080 1981 1149 2030 Dein
1160 1981 1276 2038 licinum,

194 2047 336 2103 mnium,
348 2048 480 2097 titinnius
494 2047 560 2098 Eud.
570 2049 644 2098 Vstt.
670 2048 744 2110 Corrj.
754 2049 820 2098 Stet.
831 2048 957 2096 Lidsirus.
972 2046 1015 2095 Ct.
1028 2045 1165 2094 urerent.
1177 2045 1209 2092 sd
1220 2045 1277 2094 Lir.

192 2114 335 2160 urrist-1
354 2112 434 2161 Deest
445 2108 474 2163 t.
486 2111 512 2160 tu
524 2111 600 2162 Voss.
611 2111 686 2161 Hert.
700 2113 826 2162 torre-u
844 2112 940 2160 utores.
950 2110 984 2159 V.
997 2110 1026 2159 [a.
1038 2119 1065 2159 v.
1074 2111 1114 2157 lu.
1126 2109 1191 2172 conj.
1202 2109 1278 2170 εἰμί·

686 2269 792 2322 Nom

193 2363 418 2414 tlsoumssuiores.
435 2365 597 2418 saltuosas.
751 2381 827 2431 quern
848 2374 951 2417 constet
974 2373 1056 2416 totum
1077 2364 1133 2416 sere
1154 2364 1222 2415 huuc
1245 2365 1279 2416 de

226 2439 281 2488 ²11.
302 2440 396 2490 Plotius
408 2441 505 2504 Gultus]
520 2443 646 2504 Titutum,
664 2443 720 2504 opi·
752 2443 827 2494 eturis
839 2442 993 2492 Rhetoribus
1005 2441 1117 2492 libellum
1130 2441 1238 2490 Sueten.
1254 2441 1281 2490 iu
1340 2497 1346 2506 ³

193 2529 249 2576 nor,
269 2516 348 2578 espiri
371 2525 549 2579 preposuerat
575 2517 720 2574 Suetonius,
754 2515 1282 2578 CtrronieouEussbtiretulisse,iu01ym·

193 2589 225 2640 L.
241 2589 334 2639 Plotius
347 2591 446 2640 Gallus.-
462 2593 504 2642 cst
521 2593 616 2642 ettexit
633 2607 722 2642 conss·
755 2591 837 2654 plodio
849 2605 965 2641 cuxxrrr.
983 2605 1048 2640 suno
1067 2591 1149 2654 primo
1165 2590 1219 2638 truc
1236 2604 1281 2652 po·

194 2665 308 2728 quentis.
342 2665 427 2714 Credo
438 2681 497 2728 ego,
507 2667 597 2714 sortem
610 2679 684 2715 uersu
696 2673 723 2714 st
754 2667 823 2715 suit:
844 2665 963 2714 ‘Plotius
975 2666 1066 2715 Gettus
1085 2665 1180 2726 prtmus
1192 2665 1281 2714 ltornrs

194 2747 318 2790 contextu
338 2741 427 2790 titulos
445 2742 507 2802 poni
525 2741 631 2790 solitus:
648 2749 677 2790 ut
696 2743 722 2790 in
756 2740 874 2788 utrinam
892 2741 1045 2789 rhetoricum
1065 2737 1169 2787 docuit:
1187 2737 1220 2786 de
1231 2752 1282 2802 quo

196 2813 310 2876 epistolis
330 2813 410 2862 etism
432 2814 550 2864 sclsbsnt
571 2827 668 2872 eornm,
689 2813 722 2862 sd
754 2813 846 2864 Cicero
867 2816 903 2863 rie
925 2813 1024 2864 refert:
1049 2813 1176 2862 Memoris
1197 2823 1283 2872 renen,

194 2904 259 2952 quos
290 2889 448 2952 scribebsnr,
481 2888 583 2938 nomios
617 2901 721 2952 ponere.
754 2889 841 2952 pueris
861 2888 936 2938 nolrts
955 2887 1063 2952 primum
1081 2887 1173 2938 herine
1189 2887 1282 2938 docere

194 2963 275 3013 Ptotii
297 2964 418 3014 Rhetorts
441 2964 556 3013 meminit
576 2965 670 3019 verro,
693 2972 722 3014 ut
754 2963 863 3026 coepisse
875 2963 987 3013 Plotium
1000 2960 1143 3026 quendem!
1161 2963 1261 3014 court.

195 3038 302 3090 redducit
321 3039 420 3089 Nonius
442 3039 581 3090 llsrcettus
598 3042 623 3090 iu
644 3041 722 3090 verbo
787 3045 797 3070 ⁸
813 3038 854 3086 Au
863 3038 901 3087 Μ.
914 3037 1060 3101 Ttrissturs]
1073 3038 1220 3100 Legeodum
1230 3037 1283 3088 for·

195 3111 399 3163 ¹Bubuteitsre.'
432 3115 467 3164 llt
495 3115 670 3180 Hieronymus
698 3117 723 3165 io
758 3119 834 3168 teme,
856 3115 887 3162 ed
915 3114 952 3163 M.
977 3113 1106 3169 Heluium,
1126 3113 1167 3163 sel
1188 3115 1283 3179 potius,

196 3189 448 3240 clrrcnlcisliusebii.
476 3189 614 3247 ‘Plotium’
631 3192 724 3255 iuquit,
756 3194 786 3237 ut
808 3189 834 3238 in
857 3189 1029 3254 merrrrscripto
1052 3196 1118 3251 eret,
1143 3189 1283 3238 Pitissr'srs.

195 3262 304 3313 ‘Gstlus
315 3264 410 3327 primns
426 3265 514 3313 Βοιιιω
531 3267 648 3314 Lettusrn
666 3267 722 3315 rtru-
755 3262 850 3312 richilt.
863 3265 930 3314 Stet.

199 3339 305 3388 tortcsm
316 3338 421 3388 docuit:
438 3337 471 3386 de
483 3353 533 3403 quo
552 3339 609 3390 Cic.
626 3341 663 3388 sic
683 3354 723 3388 re·
789 3339 910 3388 *Μυκη
927 3340 1025 3402 Cultus]
1041 3340 1175 3402 strpere
1191 3339 1285 3389 Cultor

197 3411 269 3462 fert:
289 3412 415 3462 Memoris
436 3419 522 3474 tenen,
543 3414 653 3477 primum
675 3413 723 3462 Le·
756 3410 874 3459 scribunt
891 3413 1061 3461 vetustissime
1071 3426 1180 3477 qusque
1198 3427 1284 3463 monu-

197 3489 253 3537 tine
273 3487 367 3536 docere
387 3487 497 3550 erupisse
516 3487 628 3536 Plotium
644 3501 724 3551 qusn-
758 3495 854 3536 ments.
896 3489 988 3537 Oretio
1016 3496 1101 3537 sutem
1129 3489 1173 3538 ills
1200 3489 1285 3540 Murci

197 3563 275 3612 dem!
293 3564 381 3613 seur.
398 3563 464 3614 Stoi.
758 3563 834 3614 estu
852 3579 902 3613 oon
924 3572 1011 3614 extet:
1029 3565 1075 3615 sert
1094 3579 1125 3618 es
1143 3579 1218 3629 quem
1238 3581 1284 3630 pro

231 3639 319 3691 laetu
332 3641 425 3688 Plotius
436 3640 532 3703 Galles]
552 3641 662 3691 Plotinrn
675 3651 727 3690 me·
759 3639 840 3688 Coello
857 3639 950 3690 Cicero
971 3640 1077 3695 hebuit:
1094 3655 1126 3688 ex
1146 3655 1196 3704 que
1215 3656 1284 3704 qous·

198 3721 299 3766 merent
316 3714 420 3764 Eusebii
437 3714 529 3764 lartius
548 3715 675 3766 Chronius
693 3715 725 3766 sd
758 3712 816 3762 dem
837 3729 976 3778 cognosces
997 3716 1030 3763 de
1053 3715 1192 3774 Arretium
1208 3731 1284 3780 quern

198 3804 293 3842 mcum
311 3790 420 3853 primurn
438 3790 598 3854 Olympiadis
616 3793 725 3842 centeri·
757 3789 828 3852 leges
845 3791 871 3838 in
891 3791 995 3840 Eurebti
1007 3791 1141 3844 cirrontctr
1157 3799 1285 3840 mortuum

200 3879 247 3916 mre
276 3863 523 3926 stssptusyesirnss
549 3865 644 3927 tertie,
666 3869 725 3914 ente
758 3866 1286 3931 essesubOctssisnodugustcprincipe.

200 3937 422 4001 sunosoetogints
438 3946 500 3997 tres,
517 3953 592 4002 qnsrn
611 3938 726 3990 Christus
759 3940 880 3990 Ceterum
898 3943 924 3989 in
944 3941 1074 3992 Atestinis
1097 3943 1211 4006 quintrrrr
1229 3941 1285 3992 tite·

198 4020 357 4063 usscsrstur.
375 4013 549 4064 Qntntitisnus
560 4015 727 4080 quoqnsejus
759 4027 812 4063 rem
826 4016 945 4077 scstpont
956 4016 985 4079 Ψ,
996 4029 1045 4066 non
1058 4016 1089 4079 C,
1100 4023 1202 4066 vetuste
1219 4031 1284 4068 ruer·

199 4088 322 4138 meminit.
342 4087 419 4138 l'r'srt.
761 4101 841 4138 mors.
863 4089 941 4140 Visst.

233 4161 266 4210 L.
279 4161 374 4210 Plotius
386 4163 483 4227 Gallus]
502 4164 533 4214 B.
546 4163 728 4229 Hieronymus,

264 4240 352 4303 Dstpt.
363 4247 386 4292 et
402 4242 459 4292 Ver·
470 4244 534 4292 cns.
699 4243 794 4294 Suetus.
1162 4249 1177 4295 4
1195 4245 1219 4296 Α
