3114 4828
637 360 841 412 cnuuntue.
1220 347 1287 414 689

187 499 305 564 lubstr
325 499 385 564 sed
406 501 480 564 unu
500 517 618 564 omues
637 495 841 563 Narcissum
856 497 900 562 ub
913 497 1079 582 epistolis,
1094 505 1128 562 et
1150 495 1287 564 Pellen-

187 607 280 664 tem‘
301 621 323 666 e
341 601 540 677 renonibus,
554 619 641 684 qnos
657 600 795 665 decreto
812 619 948 687 quoque
962 600 1104 666 Senutns
1119 619 1184 666 nou
1200 619 1286 683 prs·

188 703 267 766 miis
295 701 397 766 modo
425 703 624 785 ingentibus,
660 703 719 768 sed
757 709 790 767 et
824 703 1019 786 qnoestoriis
1052 703 1285 788 pretoriisqne

187 804 392 868 ornamentis
412 803 565 870 bonnruri
588 804 720 870 libens⁷
743 825 867 889 possus
889 813 952 882 ost,
974 811 1101 870 tentum
1125 815 1286 889 praeteres

188 905 361 989 ncquirere
383 913 419 969 et
439 925 565 990 rupere,
585 912 632 984 ut,
648 915 805 989 querente
823 925 866 970 eo
881 905 1048 989 quondum
1062 905 1103 970 de
1118 905 1190 972 fisci
1213 909 1286 971 exi-

188 1007 327 1090 guitate,
343 1025 408 1072 non
422 1006 566 1070 absurde
585 1008 632 1072 eit
646 1006 802 1084 dictum,⁸
818 1005 1106 1084 ‘Abunduturnm
1122 1008 1153 1070 si
1167 1027 1189 1074 s
1201 1007 1287 1074 duo·

188 1108 252 1172 bus
278 1109 428 1174 libertis‘¹
456 1111 490 1173 in
519 1109 724 1174 consortium
755 1107 976 1194 reciperetur.'
1030 1106 1109 1186 [29.]
1142 1107 1221 1184 His,
1249 1117 1287 1174 ut

188 1209 289 1287 dixis
301 1212 533 1293 uxoribusque
545 1211 715 1290 sddictns,
725 1231 790 1276 non
804 1211 1008 1294 Principem,
1018 1209 1078 1274 sed
1090 1209 1287 1275 ministrnm‘

188 1311 269 1392 egit.
312 1311 520 1396 Compendio
543 1311 707 1396 cujusquo
729 1314 858 1390 borum,
885 1313 939 1390 vel
964 1313 1063 1376 etism
1086 1311 1199 1376 studio
1228 1317 1288 1376 ent

188 1411 339 1491 libidine,
353 1415 504 1491 bonores,
519 1415 695 1492 exercitus,
719 1415 980 1498 impenitstes‚¹⁰
1001 1412 1170 1496 supplicis
1191 1414 1288 1496 iurgi·

190 1521 331 1582 ineest:
354 1521 386 1580 et
400 1516 536 1599 quidem
549 1517 696 1582 insciens
712 1518 904 1601 plerumque
926 1523 961 1581 et
983 1517 1127 1598 ignerus.
1172 1513 1224 1580 Ac
1246 1535 1288 1578 ne

188 1616 384 1698 singiilutim
405 1619 532 1684 minore
545 1627 700 1704 quoque¹
724 1638 924 1695 enumerem,
946 1623 1117 1683 revocatus
1144 1617 1289 1682 liberuli-

189 1725 303 1782 tates*
326 1719 409 1804 ejus,
431 1721 562 1804 judicia
584 1723 740 1798 rescisso,
763 1721 961 1803 suppositos
981 1719 1158 1784 autetiam
1174 1718 1287 1802 pulum

190 1980 268 2032 Vind.
279 1987 302 2032 Ξ.
315 1983 387 2033 cort.
399 1983 539 2034 Narcissum
551 1983 622 2033 sbeet
640 1997 655 2032 s
670 1983 751 2032 Fene.
775 1981 848 2032 lnirs
865 1983 1006 2044 uiuente.
1018 1982 1144 2032 Vnum-i
1162 1983 1238 2044 Vult.
1250 1999 1289 2031 er·

189 2047 246 2096 euri
254 2047 362 2108 maer,
371 2049 440 2111 quoti
454 2049 549 2098 retinet
560 2049 622 2098 Ero.
643 2047 695 2096 tted
706 2047 818 2096 mereri
829 2048 953 2098 estribeut
965 2046 1288 2108 Mn.cmnb.1³et.tue,

190 2119 245 2160 tres
257 2113 353 2162 tteutc.
367 2113 433 2161 Dnn.
446 2114 524 2162 Fene.
537 2113 617 2163 Petit.
629 2111 688 2175 cuj.
702 2111 779 2160 Vnus.
794 2110 862 2162 bnt.
876 2113 936 2162 lise.
956 2113 1106 2162 linuntur.
1122 2111 1198 2162 illese
1209 2114 1288 2162 etlsst

190 2176 274 2224 chd.
286 2177 397 2226 Cesset».
408 2177 474 2241 Coo.
489 2177 564 2228 lluls.
575 2177 675 2228 Medic.
688 2179 711 2226 l.
721 2178 746 2226 ⁸.
760 2175 837 2226 Petit.
851 2177 929 2226 Vinci.
940 2181 961 2226 t.
974 2190 1052 2240 quere
1065 2185 1203 2240 utrumqne
1213 2191 1289 2240 repe·

190 2241 242 2288 suit
254 2241 324 2290 Oui.
348 2241 431 2292 i'sulo
446 2249 508 2292 suts
518 2242 638 2304 praemis
649 2241 704 2290 eise
713 2253 758 2302 qse
769 2241 885 2302 Com—0
901 2241 970 2290 Dici.
988 2243 1022 2291 sit
1035 2241 1104 2290 Deo.
1117 2241 1213 2290 Medic.
1230 2247 1254 2291 s.
1265 2246 1290 2290 t.

190 2312 300 2368 uterque
312 2305 390 2356 Viud.
401 2322 417 2355 s
426 2315 486 2355 sote
495 2307 564 2354 sut.
575 2306 651 2356 deest
670 2305 786 2354 Heriem·
800 2304 887 2354 l’erls.
905 2305 1047 2368 “peberar
1056 2303 1136 2355 vluit.
1149 2308 1223 2354 l.-⁹
1240 2305 1291 2356 Hie

191 2367 233 2432 (st
243 2370 331 2418 tutes
342 2373 390 2430 est)
401 2387 443 2419 ex.
458 2370 510 2420 tino
520 2371 595 2420 Torr.
607 2383 665 2420 cum
684 2367 732 2418 nd.
749 2369 811 2419 Bes.
835 2369 869 2418 Et
886 2369 941 2418 ires
959 2377 987 2418 et
1004 2369 1048 2419 ills
1062 2369 1194 2434 ejicientis
1211 2371 1291 2420 uellet

191 2435 249 2496 ipse
261 2433 336 2484 Terr.
361 2436 446 2498 Vulgo
464 2442 523 2498 post
541 2435 623 2484 Prisc.
639 2433 1046 2492 mitterestuduerimus„
1067 2449 1142 2485 .esut
1154 2435 1216 2484 Eru-
1229 2434 1289 2496 tttp.

186 2497 340 2560 jubentibus
351 2500 438 2550 Grer.
460 2499 530 2548 ond.
553 2501 617 2548 Mus
634 2504 677 2548 est
695 2497 812 2547 restituit
830 2497 901 2548 Oud.
919 2513 977 2548 euru
998 2499 1026 2548 Μ
1063 2501 1095 2549 ic.
1114 2498 1194 2548 Polit.
1211 2499 1289 2548 Vise.

192 2563 272 2611 Fouc.
285 2564 358 2614 cort.
370 2563 428 2626 Cttj·
439 2569 465 2612 st
476 2565 541 2624 Cup.
552 2579 580 2612 se
591 2563 616 2613 in
636 2563 757 2624 rnlgstis.
768 2564 845 2610 etism
857 2561 934 2612 Wnli.
958 2563 1055 2612 flusnet
1067 2561 1142 2612 Milli.
1153 2561 1290 2610 libidini.-

192 2629 225 2674 lb
242 2627 336 2675 Melies
347 2627 417 2688 lips.
427 2627 594 2687 inassueta,
611 2633 818 2689 receperuntque
831 2626 927 2674 Sebild.
946 2626 1007 2674 liro.
1018 2625 1078 2689 Bip.
1089 2625 1194 2686 stilque.
1221 2625 1290 2674 Dein

191 2695 228 2739 esi
249 2691 393 2750 eleqsntiur
409 2691 499 2740 sbesse
519 2699 607 2740 censet
623 2691 686 2739 llru.
715 2690 746 2740 lu
768 2689 846 2738 Fene.
865 2691 970 2752 eqsidesr
986 2690 1080 2738 iun-l
1097 2689 1212 2738 Firmsnt
1224 2688 1291 2738 benc

193 2755 259 2802 tect.
270 2753 379 2802 Mentis.
391 2753 449 2818 ciij.
462 2753 543 2803 cont.
554 2755 665 2804 Turneb.
675 2763 702 2804 et
713 2755 789 2804 Torr.
802 2752 1032 2816 concumbentibus
1043 2753 1132 2803 Grec.
1144 2751 1221 2802 Wolf.
1229 2751 1290 2802 lidi-

193 2818 236 2866 tlit
248 2817 318 2868 Oud.
329 2818 420 2866 ms
431 2833 526 2882 queque
537 2833 592 2868 cunr
605 2818 703 2868 Medic.
721 2815 799 2868 vind.
817 2815 903 2866 Polus.
920 2818 992 2867 Cert.
1011 2817 1076 2866 Edu.
1087 2816 1153 2865 Ven.
1167 2819 1190 2866 l·
1201 2815 1290 2868 (iren.

194 2893 236 2946 pr.
247 2895 327 2946 marg.
341 2883 399 2932 lise.
409 2883 503 2996 imm
515 2885 644 2934 coemerit
657 2883 735 2934 l'cuc.
761 2881 791 2932 ls
804 2881 860 2932 eliis
871 2881 926 2930 iere
939 2881 973 2932 0.
985 2881 1081 2930 ntem
1092 2893 1196 2944 qseqse.
1215 2881 1292 2931 crte·

194 2961 249 2994 rum
260 2947 399 3008 eng-uu·
428 2957 472 2998 sst
483 2949 561 3000 vind.
575 2953 598 2998 1.
609 2947 677 2998 End.
688 2947 780 3010 Steplr.
792 2945 894 3011 Grynh.
910 2949 960 2996 ire.
976 2945 1103 3007 releicill.
1120 2951 1149 2994 nt
1160 2945 1292 3010 plures.-

192 3015 210 3060 ²
227 3012 268 3062 sic
280 3027 313 3062 es
323 3013 435 3062 turneb.
446 3013 583 3076 sententis,
595 3011 662 3064 Ado.
677 3025 769 3062 ssent.
781 3014 819 3062 to.
837 3009 919 3062 edidit
931 3009 1016 3062 Petu.
1028 3025 1085 3062 ens
1097 3023 1168 3076 seqq.
1179 3017 1207 3060 et
1218 3017 1291 3062 nots·

691 3139 797 3192 NOTAE

197 3235 496 3300 tolie,smemoris,&e.
530 3237 570 3288 ild
588 3237 724 3302 Polybium
766 3235 898 3288 Nescisse·
930 3234 1213 3287 lurensiissstms.
1234 3239 1290 3286 1⁰0·

196 3313 262 3362 buce
276 3318 348 3362 estst
366 3313 435 3378 sputi
454 3317 583 3366 Senecssr
599 3315 724 3366 consulu
763 3311 1292 3376 illorumtlirltissessnersns,‘egenos·

197 3389 275 3438 tiele
285 3395 368 3438 morte
379 3389 469 3440 lustris
480 3391 549 3455 ejus,
565 3399 628 3442 tunc
644 3391 725 3457 scrip·
763 3387 837 3438 sitim
856 3387 913 3450 plue
931 3387 1052 3438 Pelleste
1070 3393 1098 3436 et
1114 3384 1226 3448 bicinis,'
1241 3389 1293 3434 ire.

198 3469 232 3524 ts,
243 3477 301 3514 cunr
312 3465 414 3514 senece
424 3467 553 3517 exuisset.
763 3471 791 3514 et
799 3464 856 3514 Set.
869 3477 928 3512 srv.
938 3476 975 3511 rs.
985 3465 1043 3512 tw.
1059 3461 1067 3489 ‘
1080 3461 1138 3512 Nec
1153 3460 1232 3511 Cruci
1241 3458 1292 3508 inr-

227 3547 240 3580 Ρ
255 3539 404 3602 Puteum]
423 3541 518 3592 Felicis
531 3540 648 3603 lustrem,
662 3557 721 3592 sue·
763 3545 825 3589 tuns
834 3553 956 3602 nequem,
966 3552 1014 3588 nec
1026 3535 1134 3588 Persice
1145 3549 1224 3598 regns
1234 3533 1293 3586 Sui·

198 3622 253 3664 tore
269 3615 362 3664 'lecito
382 3616 543 3682 etloeepbo.
576 3618 676 3668 ilerum
694 3618 722 3666 li·
763 3615 851 3666 tinient
869 3615 962 3672 snirno.
982 3629 1030 3664 nec
1049 3613 1146 3663 divitis
1165 3611 1293 3672 Narcissi,
1358 3663 1362 3672 Δ

196 3690 324 3740 brutorum
331 3691 424 3742 crebre
432 3701 474 3743 est
484 3693 647 3756 mentio,tum
654 3693 723 3758 spurt
764 3689 878 3740 Indulsit
898 3691 985 3740 Gener
1003 3689 1044 3740 eui
1061 3687 1185 3740 ciendins
1197 3687 1292 3742 omnis.

198 3765 595 3830 po'e'tss,tnmsputlbistoricns.
622 3769 724 3818 Plinius
764 3767 836 3830 cujus
852 3765 945 3816 l’sruit
962 3765 1083 3830 imperiis,
1100 3777 1205 3817 uxorem
1224 3762 1293 3812 oeci·

197 3841 290 3894 lenior
306 3841 349 3890 lib
362 3855 414 3894 vu.
434 3843 523 3908 Epist.
542 3847 581 3894 to.
601 3843 670 3894 ridet
682 3857 723 3892 su·
765 3843 828 3892 clere
836 3840 945 3905 jussus!

185 3913 423 3979 .perbumtitulnm
440 3927 605 3968 monumento
624 3916 725 3968 Pellen-
797 3917 975 3979 'Misistrsiel
1001 3916 1123 3968 Aurelius
1148 3914 1239 3964 Victor
1266 3914 1294 3967 is

199 3995 231 4042 tis
242 3993 316 4057 liujus
326 3995 475 4057 merlotum·
492 3994 533 4046 Ac
545 4009 630 4044 rursus
642 3993 726 4058 Epist.
766 3992 885 4056 cisurlin,
903 3993 1009 4055 loquens
1029 3991 1062 4040 tle
1086 3990 1195 4052 libertis,
1214 3989 1292 4040 ‘iles

197 4069 726 4134 elib.vunbibecomnisconflrmsntur,
765 4083 854 4120 omues
873 4067 990 4118 enteibnt
1008 4067 1153 4130 Neminem,
1164 4069 1292 4122 domiuum

200 4159 258 4210 quie
267 4145 408 4195 Suetonius
419 4146 460 4195 iric
472 4153 569 4196 usrrst.
765 4163 793 4198 se
805 4163 899 4214 gerens
912 4147 991 4212 ipsius
1002 4145 1116 4198 demini'

231 4219 283 4270 *A
311 4221 399 4270 seem
424 4221 528 4285 ibatis]
550 4221 670 4272 l’slisnte
698 4226 726 4270 et

263 4299 354 4362 Παρὰ.
364 4305 388 4349 et
403 4303 462 4352 Ver.
470 4303 537 4353 cies.
701 4301 799 4353 Suetus.
1170 4303 1186 4348 2
1203 4301 1228 4348 x
