<?xml version="1.0" encoding="UTF-8"?>
<!DOCTYPE html PUBLIC "-//W3C//DTD XHTML 1.0 Transitional//EN"
    "http://www.w3.org/TR/xhtml1/DTD/xhtml1-transitional.dtd">
<html xmlns="http://www.w3.org/1999/xhtml" xml:lang="en" lang="en">
 <head>
  <title>
</title>
<meta http-equiv="Content-Type" content="text/html;charset=utf-8" />
  <meta name='ocr-system' content='tesseract 3.04.00' />
  <meta name='ocr-capabilities' content='ocr_page ocr_carea ocr_par ocr_line ocrx_word'/>
</head>
<body>
  <div class='ocr_page' id='page_1' title='image "./operaomniaexedi01suetgoog_0517.png"; bbox 0 0 3118 4852; ppageno 0'>
   <div class='ocr_carea' id='block_1_1' title="bbox 583 393 1254 460">
    <p class='ocr_par' dir='ltr' id='par_1_1' title="bbox 583 393 1254 460">
     <span class='ocr_line' id='line_1_1' title="bbox 583 393 1254 460; baseline 0.004 -4"><span class='ocrx_word' id='word_1_1' title='bbox 583 406 826 457; x_wconf 72' lang='lat' dir='ltr'><strong>concursui.</strong></span> <span class='ocrx_word' id='word_1_2' title='bbox 1169 393 1254 460; x_wconf 70' lang='lat'>1187</span> 
     </span>
    </p>
   </div>
   <div class='ocr_carea' id='block_1_2' title="bbox 161 546 1254 732">
    <p class='ocr_par' dir='ltr' id='par_1_2' title="bbox 161 546 1254 732">
     <span class='ocr_line' id='line_1_2' title="bbox 163 546 1254 710; baseline -0.001 -96"><span class='ocrx_word' id='word_1_3' title='bbox 163 547 347 710; x_wconf 49' lang='lat' dir='ltr'><strong>‘lectorio</strong></span> <span class='ocrx_word' id='word_1_4' title='bbox 369 546 446 630; x_wconf 82' lang='lat' dir='ltr'><strong>quoe</strong></span> <span class='ocrx_word' id='word_1_5' title='bbox 469 551 558 616; x_wconf 81' lang='lat' dir='ltr'><strong>vetut</strong></span> <span class='ocrx_word' id='word_1_6' title='bbox 576 551 738 616; x_wconf 77' lang='lat' dir='ltr'><strong>minorem</strong></span> <span class='ocrx_word' id='word_1_7' title='bbox 760 551 857 616; x_wconf 86' lang='lat' dir='ltr'><strong>onnis</strong></span> <span class='ocrx_word' id='word_1_8' title='bbox 882 563 980 616; x_wconf 85' lang='lat' dir='ltr'>xxv.</span> <span class='ocrx_word' id='word_1_9' title='bbox 1002 549 1168 635; x_wconf 79' lang='lat' dir='ltr'><strong>eupntut.</strong></span> <span class='ocrx_word' id='word_1_10' title='bbox 1181 554 1254 648; x_wconf 26' lang='lat' dir='ltr'><strong>&#39;iee-</strong></span> 
     </span>
     <span class='ocr_line' id='line_1_3' title="bbox 161 650 1244 732; baseline 0.002 -21"><span class='ocrx_word' id='word_1_11' title='bbox 161 671 260 732; x_wconf 76' lang='lat' dir='ltr'><strong>poruc</strong></span> <span class='ocrx_word' id='word_1_12' title='bbox 275 650 335 712; x_wconf 67' lang='lat' dir='ltr'><strong>ou*</strong></span> <span class='ocrx_word' id='word_1_13' title='bbox 1240 670 1244 681; x_wconf 81' lang='grc'><em>’</em></span> 
     </span>
    </p>
   </div>
   <div class='ocr_carea' id='block_1_3' title="bbox 472 814 939 903">
    <p class='ocr_par' dir='ltr' id='par_1_3' title="bbox 472 814 939 903">
     <span class='ocr_line' id='line_1_4' title="bbox 472 814 939 903; baseline 0.009 -25"><span class='ocrx_word' id='word_1_14' title='bbox 472 815 558 879; x_wconf 82' lang='lat' dir='ltr'><em>Idem</em></span> <span class='ocrx_word' id='word_1_15' title='bbox 580 814 653 881; x_wconf 77' lang='lat' dir='ltr'><strong>Lib.</strong></span> <span class='ocrx_word' id='word_1_16' title='bbox 671 834 754 882; x_wconf 82' lang='lat' dir='ltr'><strong>vni.</strong></span> <span class='ocrx_word' id='word_1_17' title='bbox 771 839 849 903; x_wconf 64' lang='grc' dir='ltr'><strong>ρας.</strong></span> <span class='ocrx_word' id='word_1_18' title='bbox 865 819 939 884; x_wconf 83' lang='grc'>743.</span> 
     </span>
    </p>
   </div>
   <div class='ocr_carea' id='block_1_4' title="bbox 162 949 1252 1133">
    <p class='ocr_par' dir='ltr' id='par_1_4' title="bbox 162 949 1252 1133">
     <span class='ocr_line' id='line_1_5' title="bbox 204 949 1252 1038; baseline 0.007 -25"><span class='ocrx_word' id='word_1_19' title='bbox 204 950 388 1015; x_wconf 77' lang='lat' dir='ltr'><strong>Suetonius</strong></span> <span class='ocrx_word' id='word_1_20' title='bbox 405 949 440 1012; x_wconf 92' lang='lat' dir='ltr'><strong>in</strong></span> <span class='ocrx_word' id='word_1_21' title='bbox 461 966 511 1013; x_wconf 85' lang='grc' dir='ltr'><strong>ιν.</strong></span> <span class='ocrx_word' id='word_1_22' title='bbox 528 950 730 1017; x_wconf 80' lang='lat' dir='ltr'><strong>Praetorumr</strong></span> <span class='ocrx_word' id='word_1_23' title='bbox 764 951 903 1018; x_wconf 82' lang='lat' dir='ltr'>‘Minor</span> <span class='ocrx_word' id='word_1_24' title='bbox 927 967 1023 1017; x_wconf 85' lang='lat' dir='ltr'>xxv.</span> <span class='ocrx_word' id='word_1_25' title='bbox 1049 971 1124 1017; x_wconf 82' lang='lat' dir='ltr'><strong>uun.</strong></span> <span class='ocrx_word' id='word_1_26' title='bbox 1145 955 1252 1038; x_wconf 80' lang='lat' dir='ltr'><strong>stipu-</strong></span> 
     </span>
     <span class='ocr_line' id='line_1_6' title="bbox 162 1048 712 1133; baseline -0.013 -14"><span class='ocrx_word' id='word_1_27' title='bbox 162 1050 224 1119; x_wconf 77' lang='lat' dir='ltr'><strong>teri</strong></span> <span class='ocrx_word' id='word_1_28' title='bbox 238 1068 302 1114; x_wconf 91' lang='lat' dir='ltr'><strong>non</strong></span> <span class='ocrx_word' id='word_1_29' title='bbox 317 1048 449 1132; x_wconf 74' lang='lat' dir='ltr'><strong>potest:</strong></span> <span class='ocrx_word' id='word_1_30' title='bbox 463 1052 601 1133; x_wconf 81' lang='lat' dir='ltr'><strong>pressive</strong></span> <span class='ocrx_word' id='word_1_31' title='bbox 615 1052 712 1118; x_wconf 84' lang='lat' dir='ltr'>dixit.</span> 
     </span>
    </p>
   </div>
   <div class='ocr_carea' id='block_1_5' title="bbox 446 1233 968 1324">
    <p class='ocr_par' dir='ltr' id='par_1_5' title="bbox 446 1233 968 1324">
     <span class='ocr_line' id='line_1_7' title="bbox 446 1233 968 1324; baseline 0.011 -26"><span class='ocrx_word' id='word_1_32' title='bbox 446 1234 534 1300; x_wconf 81' lang='lat' dir='ltr'><strong>idem</strong></span> <span class='ocrx_word' id='word_1_33' title='bbox 551 1233 624 1301; x_wconf 83' lang='lat' dir='ltr'><strong>Lib.</strong></span> <span class='ocrx_word' id='word_1_34' title='bbox 645 1253 758 1304; x_wconf 83' lang='lat' dir='ltr'><strong>xvttt.</strong></span> <span class='ocrx_word' id='word_1_35' title='bbox 781 1257 856 1324; x_wconf 77' lang='lat' dir='ltr'><strong>pag.</strong></span> <span class='ocrx_word' id='word_1_36' title='bbox 872 1241 968 1306; x_wconf 73' lang='lat'>1164.</span> 
     </span>
    </p>
   </div>
   <div class='ocr_carea' id='block_1_6' title="bbox 162 1369 1251 1557">
    <p class='ocr_par' dir='ltr' id='par_1_6' title="bbox 162 1369 1251 1557">
     <span class='ocr_line' id='line_1_8' title="bbox 204 1369 1251 1457; baseline 0.007 -22"><span class='ocrx_word' id='word_1_37' title='bbox 204 1369 381 1436; x_wconf 75' lang='lat' dir='ltr'><strong>Suetonius</strong></span> <span class='ocrx_word' id='word_1_38' title='bbox 407 1369 442 1434; x_wconf 91' lang='lat' dir='ltr'><strong>iu</strong></span> <span class='ocrx_word' id='word_1_39' title='bbox 468 1384 550 1433; x_wconf 83' lang='grc' dir='ltr'><strong>νιιι.</strong></span> <span class='ocrx_word' id='word_1_40' title='bbox 570 1369 773 1438; x_wconf 79' lang='lat' dir='ltr'><strong>Praetorum:</strong></span> <span class='ocrx_word' id='word_1_41' title='bbox 795 1378 806 1407; x_wconf 79' lang='lat'><strong><em>¹</em></strong></span> <span class='ocrx_word' id='word_1_42' title='bbox 822 1372 917 1438; x_wconf 85' lang='lat' dir='ltr'><strong>Festi</strong></span> <span class='ocrx_word' id='word_1_43' title='bbox 931 1371 1007 1438; x_wconf 89' lang='lat' dir='ltr'><strong>dies</strong></span> <span class='ocrx_word' id='word_1_44' title='bbox 1023 1379 1110 1452; x_wconf 87' lang='lat' dir='ltr'><strong>suut,</strong></span> <span class='ocrx_word' id='word_1_45' title='bbox 1126 1373 1160 1440; x_wconf 94' lang='lat' dir='ltr'><strong>iu</strong></span> <span class='ocrx_word' id='word_1_46' title='bbox 1176 1377 1251 1457; x_wconf 87' lang='lat' dir='ltr'><strong>qui·</strong></span> 
     </span>
     <span class='ocr_line' id='line_1_9' title="bbox 162 1469 1229 1557; baseline 0.004 -21"><span class='ocrx_word' id='word_1_47' title='bbox 162 1471 334 1551; x_wconf 79' lang='lat' dir='ltr'><strong>husteten,</strong></span> <span class='ocrx_word' id='word_1_48' title='bbox 348 1470 383 1536; x_wconf 93' lang='lat' dir='ltr'><strong>id</strong></span> <span class='ocrx_word' id='word_1_49' title='bbox 399 1477 460 1547; x_wconf 90' lang='lat' dir='ltr'><strong>est,</strong></span> <span class='ocrx_word' id='word_1_50' title='bbox 474 1469 604 1552; x_wconf 87' lang='lat' dir='ltr'><strong>dicitur,</strong></span> <span class='ocrx_word' id='word_1_51' title='bbox 620 1479 658 1538; x_wconf 93' lang='lat' dir='ltr'><strong>ut</strong></span> <span class='ocrx_word' id='word_1_52' title='bbox 672 1473 808 1552; x_wconf 79' lang='lat' dir='ltr'><strong>uetusti,</strong></span> <span class='ocrx_word' id='word_1_53' title='bbox 822 1473 992 1557; x_wconf 89' lang='lat' dir='ltr'><strong>inquibus</strong></span> <span class='ocrx_word' id='word_1_54' title='bbox 1007 1493 1073 1538; x_wconf 91' lang='lat' dir='ltr'><strong>nou</strong></span> <span class='ocrx_word' id='word_1_55' title='bbox 1087 1473 1229 1542; x_wconf 71' lang='lat' dir='ltr'><strong>dicitnr:</strong></span> 
     </span>
    </p>
   </div>
   <div class='ocr_carea' id='block_1_7' title="bbox 301 1703 1112 1788">
    <p class='ocr_par' dir='ltr' id='par_1_7' title="bbox 301 1703 1112 1788">
     <span class='ocr_line' id='line_1_10' title="bbox 301 1703 1112 1788; baseline -0.004 -18"><span class='ocrx_word' id='word_1_56' title='bbox 301 1705 356 1770; x_wconf 89' lang='lat' dir='ltr'><strong>De</strong></span> <span class='ocrx_word' id='word_1_57' title='bbox 370 1703 459 1770; x_wconf 87' lang='lat' dir='ltr'><strong>ludis</strong></span> <span class='ocrx_word' id='word_1_58' title='bbox 474 1712 507 1771; x_wconf 89' lang='lat' dir='ltr'><strong>et</strong></span> <span class='ocrx_word' id='word_1_59' title='bbox 521 1704 729 1788; x_wconf 80' lang='lat' dir='ltr'><strong>spectaculis</strong></span> <span class='ocrx_word' id='word_1_60' title='bbox 744 1703 842 1783; x_wconf 85' lang='lat' dir='ltr'><strong>iiber,</strong></span> <span class='ocrx_word' id='word_1_61' title='bbox 856 1712 916 1770; x_wconf 79' lang='lat' dir='ltr'><strong>unt</strong></span> <span class='ocrx_word' id='word_1_62' title='bbox 931 1705 1007 1771; x_wconf 89' lang='lat' dir='ltr'><strong>iibri</strong></span> <span class='ocrx_word' id='word_1_63' title='bbox 1020 1705 1112 1772; x_wconf 79' lang='lat' dir='ltr'><strong>varii.</strong></span> 
     </span>
    </p>
   </div>
   <div class='ocr_carea' id='block_1_8' title="bbox 463 1849 952 1938">
    <p class='ocr_par' dir='ltr' id='par_1_8' title="bbox 463 1849 952 1938">
     <span class='ocr_line' id='line_1_11' title="bbox 463 1849 952 1938; baseline 0.01 -23"><span class='ocrx_word' id='word_1_64' title='bbox 463 1851 506 1916; x_wconf 79' lang='lat' dir='ltr'><strong>A.</strong></span> <span class='ocrx_word' id='word_1_65' title='bbox 524 1851 646 1917; x_wconf 80' lang='lat' dir='ltr'><strong>Gellius</strong></span> <span class='ocrx_word' id='word_1_66' title='bbox 663 1849 736 1916; x_wconf 78' lang='lat' dir='ltr'><strong>Lib.</strong></span> <span class='ocrx_word' id='word_1_67' title='bbox 756 1869 812 1917; x_wconf 85' lang='lat' dir='ltr'><strong>tx.</strong></span> <span class='ocrx_word' id='word_1_68' title='bbox 836 1873 903 1938; x_wconf 79' lang='lat' dir='ltr'><strong>cop.</strong></span> <span class='ocrx_word' id='word_1_69' title='bbox 918 1855 952 1920; x_wconf 82' lang='lat'><strong>⁷.</strong></span> 
     </span>
    </p>
   </div>
   <div class='ocr_carea' id='block_1_9' title="bbox 161 1969 1254 2456">
    <p class='ocr_par' dir='ltr' id='par_1_9' title="bbox 161 1969 1254 2456">
     <span class='ocr_line' id='line_1_12' title="bbox 205 1969 1252 2055; baseline 0 -19"><span class='ocrx_word' id='word_1_70' title='bbox 205 1972 273 2036; x_wconf 88' lang='lat' dir='ltr'><strong>Sed</strong></span> <span class='ocrx_word' id='word_1_71' title='bbox 298 1969 340 2035; x_wconf 87' lang='lat' dir='ltr'><strong>de</strong></span> <span class='ocrx_word' id='word_1_72' title='bbox 370 1969 494 2034; x_wconf 85' lang='lat' dir='ltr'><strong>fidibus</strong></span> <span class='ocrx_word' id='word_1_73' title='bbox 522 1972 628 2035; x_wconf 78' lang='lat' dir='ltr'><strong>retius</strong></span> <span class='ocrx_word' id='word_1_74' title='bbox 658 1971 749 2036; x_wconf 91' lang='lat' dir='ltr'><strong>dictu</strong></span> <span class='ocrx_word' id='word_1_75' title='bbox 779 1976 812 2036; x_wconf 87' lang='lat' dir='ltr'><strong>et</strong></span> <span class='ocrx_word' id='word_1_76' title='bbox 837 1971 1024 2036; x_wconf 76' lang='lat' dir='ltr'><strong>mirabilius</strong></span> <span class='ocrx_word' id='word_1_77' title='bbox 1052 1976 1121 2036; x_wconf 87' lang='lat' dir='ltr'><strong>eet:</strong></span> <span class='ocrx_word' id='word_1_78' title='bbox 1150 1987 1252 2055; x_wconf 84' lang='lat' dir='ltr'><strong>quam</strong></span> 
     </span>
     <span class='ocr_line' id='line_1_13' title="bbox 161 2069 1252 2154; baseline -0.002 -18"><span class='ocrx_word' id='word_1_79' title='bbox 161 2073 230 2136; x_wconf 83' lang='lat' dir='ltr'><strong>r‘orn</strong></span> <span class='ocrx_word' id='word_1_80' title='bbox 254 2079 289 2136; x_wconf 88' lang='lat' dir='ltr'><strong>et</strong></span> <span class='ocrx_word' id='word_1_81' title='bbox 311 2070 369 2135; x_wconf 82' lang='lat' dir='ltr'><strong>otii</strong></span> <span class='ocrx_word' id='word_1_82' title='bbox 392 2069 486 2137; x_wconf 91' lang='lat' dir='ltr'><strong>docti</strong></span> <span class='ocrx_word' id='word_1_83' title='bbox 509 2070 584 2148; x_wconf 85' lang='lat' dir='ltr'><strong>viri,</strong></span> <span class='ocrx_word' id='word_1_84' title='bbox 605 2077 638 2137; x_wconf 87' lang='lat' dir='ltr'><strong>et</strong></span> <span class='ocrx_word' id='word_1_85' title='bbox 659 2070 839 2135; x_wconf 88' lang='lat' dir='ltr'><strong>Suetonius</strong></span> <span class='ocrx_word' id='word_1_86' title='bbox 862 2071 963 2134; x_wconf 82' lang='lat' dir='ltr'><strong>etium</strong></span> <span class='ocrx_word' id='word_1_87' title='bbox 987 2071 1199 2154; x_wconf 82' lang='lat' dir='ltr'><strong>Tranquillus</strong></span> <span class='ocrx_word' id='word_1_88' title='bbox 1217 2071 1252 2135; x_wconf 92' lang='lat' dir='ltr'><strong>in</strong></span> 
     </span>
     <span class='ocr_line' id='line_1_14' title="bbox 161 2170 1254 2255; baseline 0 -19"><span class='ocrx_word' id='word_1_89' title='bbox 161 2173 247 2240; x_wconf 91' lang='lat' dir='ltr'><strong>iibro</strong></span> <span class='ocrx_word' id='word_1_90' title='bbox 270 2170 408 2237; x_wconf 83' lang='lat' dir='ltr'><strong>iudicrae</strong></span> <span class='ocrx_word' id='word_1_91' title='bbox 431 2171 577 2237; x_wconf 81' lang='lat' dir='ltr'><strong>historiae</strong></span> <span class='ocrx_word' id='word_1_92' title='bbox 602 2172 709 2255; x_wconf 84' lang='lat' dir='ltr'><strong>primo</strong></span> <span class='ocrx_word' id='word_1_93' title='bbox 736 2171 817 2236; x_wconf 83' lang='lat' dir='ltr'><strong>satis</strong></span> <span class='ocrx_word' id='word_1_94' title='bbox 832 2176 1035 2254; x_wconf 84' lang='lat' dir='ltr'><strong>compertum</strong></span> <span class='ocrx_word' id='word_1_95' title='bbox 1049 2191 1134 2249; x_wconf 85' lang='lat' dir='ltr'><strong>esec,</strong></span> <span class='ocrx_word' id='word_1_96' title='bbox 1151 2173 1254 2236; x_wconf 83' lang='lat' dir='ltr'><strong>setis·</strong></span> 
     </span>
     <span class='ocr_line' id='line_1_15' title="bbox 165 2271 1252 2357; baseline -0.004 -19"><span class='ocrx_word' id='word_1_97' title='bbox 165 2293 232 2357; x_wconf 91' lang='lat' dir='ltr'><strong>que</strong></span> <span class='ocrx_word' id='word_1_98' title='bbox 248 2291 350 2355; x_wconf 84' lang='lat' dir='ltr'><strong>super</strong></span> <span class='ocrx_word' id='word_1_99' title='bbox 365 2292 406 2337; x_wconf 86' lang='lat' dir='ltr'><strong>cu</strong></span> <span class='ocrx_word' id='word_1_100' title='bbox 420 2279 573 2338; x_wconf 82' lang='lat' dir='ltr'><strong>constare</strong></span> <span class='ocrx_word' id='word_1_101' title='bbox 595 2271 755 2338; x_wconf 79' lang='lat' dir='ltr'><strong>affirmat:</strong></span> <span class='ocrx_word' id='word_1_102' title='bbox 787 2273 944 2338; x_wconf 85' lang='lat' dir='ltr'><strong>‘nervius</strong></span> <span class='ocrx_word' id='word_1_103' title='bbox 967 2273 1003 2337; x_wconf 90' lang='lat' dir='ltr'><strong>in</strong></span> <span class='ocrx_word' id='word_1_104' title='bbox 1029 2272 1152 2338; x_wconf 86' lang='lat' dir='ltr'><strong>fidibus</strong></span> <span class='ocrx_word' id='word_1_105' title='bbox 1176 2272 1252 2335; x_wconf 85' lang='lat' dir='ltr'><strong>bru-</strong></span> 
     </span>
     <span class='ocr_line' id='line_1_16' title="bbox 164 2371 905 2456; baseline -0.005 -16"><span class='ocrx_word' id='word_1_106' title='bbox 164 2374 246 2440; x_wconf 85' lang='lat' dir='ltr'><strong>muii</strong></span> <span class='ocrx_word' id='word_1_107' title='bbox 261 2373 316 2438; x_wconf 91' lang='lat' dir='ltr'><strong>die</strong></span> <span class='ocrx_word' id='word_1_108' title='bbox 331 2373 417 2439; x_wconf 81' lang='lat' dir='ltr'><strong>elios</strong></span> <span class='ocrx_word' id='word_1_109' title='bbox 431 2371 543 2456; x_wconf 79' lang='lat' dir='ltr'><strong>digitis</strong></span> <span class='ocrx_word' id='word_1_110' title='bbox 557 2373 651 2456; x_wconf 84' lang='lat' dir='ltr'><strong>polii,</strong></span> <span class='ocrx_word' id='word_1_111' title='bbox 664 2373 749 2440; x_wconf 80' lang='lat' dir='ltr'><strong>aiios</strong></span> <span class='ocrx_word' id='word_1_112' title='bbox 763 2371 905 2439; x_wconf 85' lang='lat' dir='ltr'><strong>sonere.’</strong></span> 
     </span>
    </p>
   </div>
   <div class='ocr_carea' id='block_1_10' title="bbox 415 2555 1002 2680">
    <p class='ocr_par' dir='ltr' id='par_1_10' title="bbox 415 2555 1002 2680">
     <span class='ocr_line' id='line_1_17' title="bbox 415 2555 1002 2680; baseline 0 -23"><span class='ocrx_word' id='word_1_113' title='bbox 415 2589 623 2658; x_wconf 77' lang='lat' dir='ltr'><strong>Tertullianus</strong></span> <span class='ocrx_word' id='word_1_114' title='bbox 638 2595 675 2660; x_wconf 85' lang='lat' dir='ltr'><strong>de</strong></span> <span class='ocrx_word' id='word_1_115' title='bbox 692 2595 871 2680; x_wconf 78' lang='lat' dir='ltr'><strong>spectaculis</strong></span> <span class='ocrx_word' id='word_1_116' title='bbox 886 2555 955 2679; x_wconf 77' lang='lat' dir='ltr'><strong>cop.</strong></span> <span class='ocrx_word' id='word_1_117' title='bbox 969 2595 1002 2660; x_wconf 88' lang='lat'><strong>6.</strong></span> 
     </span>
    </p>
   </div>
   <div class='ocr_carea' id='block_1_11' title="bbox 164 2724 1299 3012">
    <p class='ocr_par' dir='ltr' id='par_1_11' title="bbox 164 2724 1299 3012">
     <span class='ocr_line' id='line_1_18' title="bbox 205 2724 1299 2812; baseline 0 -18"><span class='ocrx_word' id='word_1_118' title='bbox 205 2728 285 2808; x_wconf 84' lang='lat' dir='ltr'><strong>Qui,</strong></span> <span class='ocrx_word' id='word_1_119' title='bbox 300 2733 449 2812; x_wconf 83' lang='lat' dir='ltr'><strong>quotque</strong></span> <span class='ocrx_word' id='word_1_120' title='bbox 463 2727 498 2790; x_wconf 94' lang='lat' dir='ltr'><strong>in</strong></span> <span class='ocrx_word' id='word_1_121' title='bbox 509 2727 667 2804; x_wconf 81' lang='lat' dir='ltr'><strong>ordinem,</strong></span> <span class='ocrx_word' id='word_1_122' title='bbox 681 2733 716 2788; x_wconf 89' lang='lat' dir='ltr'><strong>et</strong></span> <span class='ocrx_word' id='word_1_123' title='bbox 728 2727 849 2807; x_wconf 88' lang='lat' dir='ltr'><strong>quibus</strong></span> <span class='ocrx_word' id='word_1_124' title='bbox 863 2725 964 2792; x_wconf 87' lang='lat' dir='ltr'><strong>idolis</strong></span> <span class='ocrx_word' id='word_1_125' title='bbox 979 2724 1080 2790; x_wconf 88' lang='lat' dir='ltr'><strong>ludos</strong></span> <span class='ocrx_word' id='word_1_126' title='bbox 1095 2725 1252 2792; x_wconf 85' lang='lat' dir='ltr'><strong>institue·</strong></span> <span class='ocrx_word' id='word_1_127' title='bbox 1295 2785 1299 2794; x_wconf 93' lang='lat'>.</span> 
     </span>
     <span class='ocr_line' id='line_1_19' title="bbox 164 2825 1252 2912; baseline -0.003 -19"><span class='ocrx_word' id='word_1_128' title='bbox 164 2835 251 2906; x_wconf 89' lang='lat' dir='ltr'><strong>runt,</strong></span> <span class='ocrx_word' id='word_1_129' title='bbox 274 2828 422 2912; x_wconf 87' lang='lat' dir='ltr'><strong>positum</strong></span> <span class='ocrx_word' id='word_1_130' title='bbox 447 2831 497 2890; x_wconf 84' lang='lat' dir='ltr'><strong>est</strong></span> <span class='ocrx_word' id='word_1_131' title='bbox 520 2826 611 2909; x_wconf 83' lang='lat' dir='ltr'><strong>opud</strong></span> <span class='ocrx_word' id='word_1_132' title='bbox 633 2826 834 2899; x_wconf 78' lang='lat' dir='ltr'><strong>Sruetonium</strong></span> <span class='ocrx_word' id='word_1_133' title='bbox 863 2825 1106 2908; x_wconf 75' lang='lat' dir='ltr'><strong>Tranquillum,</strong></span> <span class='ocrx_word' id='word_1_134' title='bbox 1135 2826 1201 2903; x_wconf 84' lang='lat' dir='ltr'><strong>voi,</strong></span> <span class='ocrx_word' id='word_1_135' title='bbox 1231 2845 1252 2890; x_wconf 81' lang='lat' dir='ltr'><strong>c</strong></span> 
     </span>
     <span class='ocr_line' id='line_1_20' title="bbox 166 2927 672 3012; baseline -0.004 -19"><span class='ocrx_word' id='word_1_136' title='bbox 166 2930 290 3012; x_wconf 90' lang='lat' dir='ltr'><strong>quibus</strong></span> <span class='ocrx_word' id='word_1_137' title='bbox 304 2927 519 3012; x_wconf 76' lang='lat' dir='ltr'><strong>Tranquillus</strong></span> <span class='ocrx_word' id='word_1_138' title='bbox 530 2927 672 3010; x_wconf 77' lang='lat' dir='ltr'><strong>occepit.</strong></span> 
     </span>
    </p>
   </div>
   <div class='ocr_carea' id='block_1_12' title="bbox 351 3141 1072 3231">
    <p class='ocr_par' dir='ltr' id='par_1_12' title="bbox 351 3141 1072 3231">
     <span class='ocr_line' id='line_1_21' title="bbox 351 3141 1072 3231; baseline -0.001 -22"><span class='ocrx_word' id='word_1_139' title='bbox 351 3143 513 3210; x_wconf 80' lang='lat' dir='ltr'><strong>Diomedes</strong></span> <span class='ocrx_word' id='word_1_140' title='bbox 530 3143 706 3209; x_wconf 84' lang='lat' dir='ltr'><strong>Grnmmot.</strong></span> <span class='ocrx_word' id='word_1_141' title='bbox 731 3141 804 3207; x_wconf 80' lang='lat' dir='ltr'><strong>Lib.</strong></span> <span class='ocrx_word' id='word_1_142' title='bbox 820 3154 892 3208; x_wconf 86' lang='grc' dir='ltr'><strong>ιιι.·</strong></span> <span class='ocrx_word' id='word_1_143' title='bbox 907 3165 983 3231; x_wconf 80' lang='lat' dir='ltr'><strong>pug.</strong></span> <span class='ocrx_word' id='word_1_144' title='bbox 998 3144 1072 3212; x_wconf 79' lang='lat' dir='ltr'><strong>teu.</strong></span> 
     </span>
    </p>
   </div>
   <div class='ocr_carea' id='block_1_13' title="bbox 164 3291 1253 3478">
    <p class='ocr_par' dir='ltr' id='par_1_13' title="bbox 164 3291 1253 3478">
     <span class='ocr_line' id='line_1_22' title="bbox 206 3291 1252 3392; baseline -0.003 -33"><span class='ocrx_word' id='word_1_145' title='bbox 206 3295 329 3360; x_wconf 85' lang='lat' dir='ltr'><strong>Primis</strong></span> <span class='ocrx_word' id='word_1_146' title='bbox 342 3297 547 3378; x_wconf 78' lang='lat' dir='ltr'><strong>temporibus</strong></span> <span class='ocrx_word' id='word_1_147' title='bbox 563 3297 686 3373; x_wconf 83' lang='lat' dir='ltr'><strong>omniu,</strong></span> <span class='ocrx_word' id='word_1_148' title='bbox 697 3313 773 3378; x_wconf 80' lang='lat' dir='ltr'><strong>quoe</strong></span> <span class='ocrx_word' id='word_1_149' title='bbox 788 3297 820 3358; x_wconf 91' lang='lat' dir='ltr'><strong>in</strong></span> <span class='ocrx_word' id='word_1_150' title='bbox 835 3313 936 3358; x_wconf 84' lang='lat' dir='ltr'><strong>scona</strong></span> <span class='ocrx_word' id='word_1_151' title='bbox 952 3291 1252 3392; x_wconf 63' lang='lat' dir='ltr'><strong>versentuuiuoo·</strong></span> 
     </span>
     <span class='ocr_line' id='line_1_23' title="bbox 164 3393 1253 3478; baseline -0.005 -16"><span class='ocrx_word' id='word_1_152' title='bbox 164 3396 288 3462; x_wconf 82' lang='lat' dir='ltr'><strong>moedio</strong></span> <span class='ocrx_word' id='word_1_153' title='bbox 312 3395 499 3478; x_wconf 79' lang='lat' dir='ltr'><strong>agebantur.</strong></span> <span class='ocrx_word' id='word_1_154' title='bbox 553 3397 645 3462; x_wconf 87' lang='lat' dir='ltr'><strong>Num</strong></span> <span class='ocrx_word' id='word_1_155' title='bbox 671 3396 913 3472; x_wconf 84' lang='lat' dir='ltr'><strong>Pentomimus‚</strong></span> <span class='ocrx_word' id='word_1_156' title='bbox 939 3403 972 3460; x_wconf 91' lang='lat' dir='ltr'><strong>et</strong></span> <span class='ocrx_word' id='word_1_157' title='bbox 998 3393 1195 3478; x_wconf 74' lang='lat' dir='ltr'><strong>Pytheuics,</strong></span> <span class='ocrx_word' id='word_1_158' title='bbox 1220 3401 1253 3458; x_wconf 87' lang='lat' dir='ltr'><strong>et</strong></span> 
     </span>
    </p>
   </div>
   <div class='ocr_carea' id='block_1_14' title="bbox 159 3575 1303 4243">
    <p class='ocr_par' dir='ltr' id='par_1_14' title="bbox 159 3575 1303 4167">
     <span class='ocr_line' id='line_1_24' title="bbox 159 3575 1253 3644; baseline -0.004 -16"><span class='ocrx_word' id='word_1_159' title='bbox 159 3584 163 3598; x_wconf 89' lang='grc'><strong>“</strong></span> <span class='ocrx_word' id='word_1_160' title='bbox 196 3585 208 3611; x_wconf 81' lang='lat'><strong>¹</strong></span> <span class='ocrx_word' id='word_1_161' title='bbox 224 3577 301 3628; x_wconf 82' lang='lat' dir='ltr'><strong>‘Non</strong></span> <span class='ocrx_word' id='word_1_162' title='bbox 313 3578 491 3643; x_wconf 73' lang='lat' dir='ltr'><strong>dubitandum,</strong></span> <span class='ocrx_word' id='word_1_163' title='bbox 500 3579 561 3644; x_wconf 74' lang='lat' dir='ltr'><strong>onio</strong></span> <span class='ocrx_word' id='word_1_164' title='bbox 571 3579 628 3629; x_wconf 72' lang='lat' dir='ltr'><strong>inec</strong></span> <span class='ocrx_word' id='word_1_165' title='bbox 635 3579 689 3628; x_wconf 82' lang='lat' dir='ltr'><strong>siut</strong></span> <span class='ocrx_word' id='word_1_166' title='bbox 727 3578 786 3627; x_wconf 84' lang='lat' dir='ltr'><strong>dem</strong></span> <span class='ocrx_word' id='word_1_167' title='bbox 803 3584 940 3640; x_wconf 77' lang='lat' dir='ltr'><strong>eripereunt</strong></span> <span class='ocrx_word' id='word_1_168' title='bbox 956 3579 1007 3629; x_wconf 84' lang='lat' dir='ltr'><strong>rite</strong></span> <span class='ocrx_word' id='word_1_169' title='bbox 1022 3579 1138 3628; x_wconf 77' lang='lat' dir='ltr'><strong>Terentii</strong></span> <span class='ocrx_word' id='word_1_170' title='bbox 1154 3583 1181 3627; x_wconf 87' lang='lat' dir='ltr'><strong>et</strong></span> <span class='ocrx_word' id='word_1_171' title='bbox 1199 3575 1253 3625; x_wconf 86' lang='lat' dir='ltr'><strong>iio·</strong></span> 
     </span>
     <span class='ocr_line' id='line_1_25' title="bbox 164 3652 1252 3717; baseline -0.004 -14"><span class='ocrx_word' id='word_1_172' title='bbox 164 3653 257 3704; x_wconf 81' lang='lat' dir='ltr'><strong>eiibro</strong></span> <span class='ocrx_word' id='word_1_173' title='bbox 267 3654 383 3704; x_wconf 84' lang='lat' dir='ltr'><strong>Suetonii</strong></span> <span class='ocrx_word' id='word_1_174' title='bbox 395 3654 428 3703; x_wconf 89' lang='lat' dir='ltr'><strong>de</strong></span> <span class='ocrx_word' id='word_1_175' title='bbox 438 3653 687 3717; x_wconf 68' lang='lat' dir='ltr'><strong>iudieocroeeteen·¹</strong></span> <span class='ocrx_word' id='word_1_176' title='bbox 728 3653 806 3714; x_wconf 83' lang='lat' dir='ltr'><strong>rutii;</strong></span> <span class='ocrx_word' id='word_1_177' title='bbox 821 3667 861 3709; x_wconf 85' lang='lat' dir='ltr'><strong>ec,</strong></span> <span class='ocrx_word' id='word_1_178' title='bbox 881 3662 911 3704; x_wconf 87' lang='lat' dir='ltr'><strong>ut</strong></span> <span class='ocrx_word' id='word_1_179' title='bbox 929 3669 1033 3715; x_wconf 69' lang='lat' dir='ltr'><strong>censeo,</strong></span> <span class='ocrx_word' id='word_1_180' title='bbox 1051 3653 1158 3714; x_wconf 72' lang='lat' dir='ltr'><strong>Luceni,</strong></span> <span class='ocrx_word' id='word_1_181' title='bbox 1175 3652 1252 3701; x_wconf 84' lang='lat' dir='ltr'><strong>etiem</strong></span> 
     </span>
     <span class='ocr_line' id='line_1_26' title="bbox 164 3727 1253 3792; baseline -0.002 -16"><span class='ocrx_word' id='word_1_182' title='bbox 164 3729 210 3778; x_wconf 82' lang='lat' dir='ltr'><strong>iio:</strong></span> <span class='ocrx_word' id='word_1_183' title='bbox 228 3739 304 3792; x_wconf 82' lang='lat' dir='ltr'><strong>qoem</strong></span> <span class='ocrx_word' id='word_1_184' title='bbox 316 3727 390 3778; x_wconf 82' lang='lat' dir='ltr'><strong>uben</strong></span> <span class='ocrx_word' id='word_1_185' title='bbox 401 3729 525 3792; x_wconf 82' lang='lat' dir='ltr'><strong>scriptum</strong></span> <span class='ocrx_word' id='word_1_186' title='bbox 536 3739 603 3789; x_wconf 82' lang='lat' dir='ltr'><strong>este,</strong></span> <span class='ocrx_word' id='word_1_187' title='bbox 614 3728 687 3780; x_wconf 84' lang='lat' dir='ltr'><strong>testie</strong></span> <span class='ocrx_word' id='word_1_188' title='bbox 726 3728 811 3777; x_wconf 83' lang='lat' dir='ltr'><strong>Persii</strong></span> <span class='ocrx_word' id='word_1_189' title='bbox 829 3736 858 3780; x_wconf 85' lang='lat' dir='ltr'><strong>et</strong></span> <span class='ocrx_word' id='word_1_190' title='bbox 874 3727 1028 3780; x_wconf 82' lang='lat' dir='ltr'><strong>iureueiie.’</strong></span> <span class='ocrx_word' id='word_1_191' title='bbox 1061 3731 1106 3780; x_wconf 80' lang='lat' dir='ltr'><strong>ite</strong></span> <span class='ocrx_word' id='word_1_192' title='bbox 1127 3729 1191 3780; x_wconf 82' lang='lat' dir='ltr'><strong>(ier.</strong></span> <span class='ocrx_word' id='word_1_193' title='bbox 1210 3727 1253 3780; x_wconf 83' lang='lat' dir='ltr'><strong>io.</strong></span> 
     </span>
     <span class='ocr_line' id='line_1_27' title="bbox 163 3799 1253 3868; baseline -0.006 -15"><span class='ocrx_word' id='word_1_194' title='bbox 163 3802 271 3853; x_wconf 80' lang='lat' dir='ltr'><strong>Suidu:</strong></span> <span class='ocrx_word' id='word_1_195' title='bbox 288 3804 411 3868; x_wconf 71' lang='lat' dir='ltr'><strong>serieque</strong></span> <span class='ocrx_word' id='word_1_196' title='bbox 419 3803 478 3854; x_wconf 85' lang='lat' dir='ltr'><strong>inde</strong></span> <span class='ocrx_word' id='word_1_197' title='bbox 490 3799 644 3868; x_wconf 81' lang='lat' dir='ltr'><strong>depromunt</strong></span> <span class='ocrx_word' id='word_1_198' title='bbox 655 3804 687 3853; x_wconf 84' lang='grc' dir='ltr'><strong>Α.</strong></span> <span class='ocrx_word' id='word_1_199' title='bbox 727 3802 831 3852; x_wconf 76' lang='lat' dir='ltr'><strong>Vossius</strong></span> <span class='ocrx_word' id='word_1_200' title='bbox 843 3803 887 3851; x_wconf 89' lang='lat' dir='ltr'><strong>tib.</strong></span> <span class='ocrx_word' id='word_1_201' title='bbox 899 3817 929 3853; x_wconf 92' lang='grc' dir='ltr'><strong>ιι.</strong></span> <span class='ocrx_word' id='word_1_202' title='bbox 950 3803 1039 3853; x_wconf 79' lang='lat' dir='ltr'><strong>instit.</strong></span> <span class='ocrx_word' id='word_1_203' title='bbox 1057 3804 1200 3865; x_wconf 62' lang='lat' dir='ltr'><strong>Poincuo.</strong></span> <span class='ocrx_word' id='word_1_204' title='bbox 1212 3804 1253 3850; x_wconf 73' lang='lat' dir='ltr'><strong>it.</strong></span> 
     </span>
     <span class='ocr_line' id='line_1_28' title="bbox 165 3867 1303 3944; baseline -0.005 -14"><span class='ocrx_word' id='word_1_205' title='bbox 165 3879 277 3942; x_wconf 81' lang='lat' dir='ltr'><strong>Geiiiue,</strong></span> <span class='ocrx_word' id='word_1_206' title='bbox 289 3879 471 3934; x_wconf 78' lang='lat' dir='ltr'><strong>Tertniiinnns,</strong></span> <span class='ocrx_word' id='word_1_207' title='bbox 488 3879 603 3941; x_wconf 79' lang='lat' dir='ltr'><strong>Servius,</strong></span> <span class='ocrx_word' id='word_1_208' title='bbox 622 3879 687 3928; x_wconf 84' lang='lat' dir='ltr'><strong>Dio·</strong></span> <span class='ocrx_word' id='word_1_209' title='bbox 728 3877 770 3942; x_wconf 89' lang='lat' dir='ltr'><strong>qui</strong></span> <span class='ocrx_word' id='word_1_210' title='bbox 793 3883 879 3930; x_wconf 82' lang='lat' dir='ltr'><strong>temen</strong></span> <span class='ocrx_word' id='word_1_211' title='bbox 898 3877 1025 3929; x_wconf 79' lang='lat' dir='ltr'><strong>debueret</strong></span> <span class='ocrx_word' id='word_1_212' title='bbox 1042 3891 1184 3944; x_wconf 69' lang='lat' dir='ltr'><strong>egnorcero</strong></span> <span class='ocrx_word' id='word_1_213' title='bbox 1204 3877 1254 3925; x_wconf 79' lang='lat' dir='ltr'><strong>ct·</strong></span> <span class='ocrx_word' id='word_1_214' title='bbox 1293 3867 1303 3880; x_wconf 90' lang='lat'>&#39;</span> 
     </span>
     <span class='ocr_line' id='line_1_29' title="bbox 164 3950 1253 4019; baseline -0.004 -17"><span class='ocrx_word' id='word_1_215' title='bbox 164 3953 263 4014; x_wconf 81' lang='lat' dir='ltr'><strong>medes,</strong></span> <span class='ocrx_word' id='word_1_216' title='bbox 284 3955 397 4006; x_wconf 65' lang='lat' dir='ltr'><strong>rause.</strong></span> <span class='ocrx_word' id='word_1_217' title='bbox 431 3953 534 4019; x_wconf 74' lang='lat' dir='ltr'><strong>tibique</strong></span> <span class='ocrx_word' id='word_1_218' title='bbox 557 3969 588 4003; x_wconf 87' lang='lat' dir='ltr'><strong>eo</strong></span> <span class='ocrx_word' id='word_1_219' title='bbox 608 3960 687 4016; x_wconf 82' lang='lat' dir='ltr'><strong>erret,</strong></span> <span class='ocrx_word' id='word_1_220' title='bbox 727 3950 879 4008; x_wconf 76' lang='lat' dir='ltr'><strong>teutonum,</strong></span> <span class='ocrx_word' id='word_1_221' title='bbox 888 3953 985 4016; x_wconf 78' lang='lat' dir='ltr'><strong>qnippe</strong></span> <span class='ocrx_word' id='word_1_222' title='bbox 1004 3953 1114 4017; x_wconf 82' lang='lat' dir='ltr'><strong>priorum</strong></span> <span class='ocrx_word' id='word_1_223' title='bbox 1131 3952 1205 4014; x_wconf 79' lang='lat' dir='ltr'><strong>trojus</strong></span> <span class='ocrx_word' id='word_1_224' title='bbox 1215 3951 1253 4000; x_wconf 83' lang='lat' dir='ltr'><strong>in·</strong></span> 
     </span>
     <span class='ocr_line' id='line_1_30' title="bbox 163 4024 1254 4093; baseline -0.003 -15"><span class='ocrx_word' id='word_1_225' title='bbox 163 4029 275 4080; x_wconf 84' lang='lat' dir='ltr'><strong>dicerem</strong></span> <span class='ocrx_word' id='word_1_226' title='bbox 286 4044 343 4080; x_wconf 80' lang='lat' dir='ltr'><strong>erre</strong></span> <span class='ocrx_word' id='word_1_227' title='bbox 355 4043 388 4080; x_wconf 82' lang='lat' dir='ltr'><strong>ex</strong></span> <span class='ocrx_word' id='word_1_228' title='bbox 399 4027 463 4079; x_wconf 85' lang='lat' dir='ltr'><strong>iibro</strong></span> <span class='ocrx_word' id='word_1_229' title='bbox 474 4030 530 4093; x_wconf 82' lang='lat' dir='ltr'><strong>ejus</strong></span> <span class='ocrx_word' id='word_1_230' title='bbox 542 4029 686 4092; x_wconf 76' lang='lat' dir='ltr'><strong>depotitio:</strong></span> <span class='ocrx_word' id='word_1_231' title='bbox 727 4024 821 4081; x_wconf 83' lang='lat' dir='ltr'><strong>dicero.</strong></span> <span class='ocrx_word' id='word_1_232' title='bbox 832 4026 907 4090; x_wconf 81' lang='lat' dir='ltr'><strong>eujus</strong></span> <span class='ocrx_word' id='word_1_233' title='bbox 923 4034 985 4078; x_wconf 82' lang='lat' dir='ltr'><strong>eunt</strong></span> <span class='ocrx_word' id='word_1_234' title='bbox 1001 4041 1101 4093; x_wconf 83' lang='lat' dir='ltr'><strong>quoqne</strong></span> <span class='ocrx_word' id='word_1_235' title='bbox 1118 4026 1199 4076; x_wconf 73' lang='lat' dir='ltr'><strong>munite</strong></span> <span class='ocrx_word' id='word_1_236' title='bbox 1215 4038 1254 4076; x_wconf 91' lang='lat' dir='ltr'><strong>ee·</strong></span> 
     </span>
     <span class='ocr_line' id='line_1_31' title="bbox 164 4099 967 4167; baseline 0.001 -15"><span class='ocrx_word' id='word_1_237' title='bbox 164 4101 232 4153; x_wconf 89' lang='lat' dir='ltr'><strong>unde</strong></span> <span class='ocrx_word' id='word_1_238' title='bbox 249 4111 277 4154; x_wconf 84' lang='lat' dir='ltr'><strong>et</strong></span> <span class='ocrx_word' id='word_1_239' title='bbox 293 4101 467 4167; x_wconf 70' lang='lat' dir='ltr'><strong>fragmentum</strong></span> <span class='ocrx_word' id='word_1_240' title='bbox 484 4104 589 4154; x_wconf 84' lang='lat' dir='ltr'><strong>eddurit</strong></span> <span class='ocrx_word' id='word_1_241' title='bbox 605 4102 688 4153; x_wconf 77' lang='lat' dir='ltr'><strong>isido-</strong></span> <span class='ocrx_word' id='word_1_242' title='bbox 727 4101 843 4165; x_wconf 79' lang='lat' dir='ltr'><strong>quentin.</strong></span> <span class='ocrx_word' id='word_1_243' title='bbox 861 4099 967 4153; x_wconf 74' lang='lat' dir='ltr'><strong>Gronov.</strong></span> 
     </span>
    </p>

    <p class='ocr_par' dir='ltr' id='par_1_15' title="bbox 166 4177 687 4243">
     <span class='ocr_line' id='line_1_32' title="bbox 166 4177 687 4243; baseline -0.002 -16"><span class='ocrx_word' id='word_1_244' title='bbox 166 4191 209 4228; x_wconf 86' lang='lat' dir='ltr'><strong>rue</strong></span> <span class='ocrx_word' id='word_1_245' title='bbox 220 4177 294 4243; x_wconf 69' lang='lat' dir='ltr'><strong>Orig.</strong></span> <span class='ocrx_word' id='word_1_246' title='bbox 314 4179 359 4228; x_wconf 84' lang='lat' dir='ltr'><strong>tib.</strong></span> <span class='ocrx_word' id='word_1_247' title='bbox 371 4191 432 4230; x_wconf 80' lang='lat' dir='ltr'><strong>vrri.</strong></span> <span class='ocrx_word' id='word_1_248' title='bbox 448 4183 474 4227; x_wconf 88' lang='grc'><strong>7.</strong></span> <span class='ocrx_word' id='word_1_249' title='bbox 507 4177 588 4230; x_wconf 80' lang='lat' dir='ltr'><strong>immo</strong></span> <span class='ocrx_word' id='word_1_250' title='bbox 599 4190 632 4228; x_wconf 77' lang='lat' dir='ltr'><strong>ex</strong></span> <span class='ocrx_word' id='word_1_251' title='bbox 645 4191 687 4226; x_wconf 89' lang='lat' dir='ltr'><strong>eo·</strong></span> 
     </span>
    </p>
   </div>
   <div class='ocr_carea' id='block_1_15' title="bbox 229 4257 1190 4324">
    <p class='ocr_par' dir='ltr' id='par_1_16' title="bbox 229 4257 1190 4324">
     <span class='ocr_line' id='line_1_33' title="bbox 229 4257 1190 4324; baseline 0 -16"><span class='ocrx_word' id='word_1_252' title='bbox 229 4259 316 4324; x_wconf 70' lang='lat' dir='ltr'><strong>Detyi.</strong></span> <span class='ocrx_word' id='word_1_253' title='bbox 327 4265 350 4309; x_wconf 82' lang='lat' dir='ltr'><strong>et</strong></span> <span class='ocrx_word' id='word_1_254' title='bbox 363 4259 420 4319; x_wconf 71' lang='lat' dir='ltr'><strong>Vos.</strong></span> <span class='ocrx_word' id='word_1_255' title='bbox 430 4259 495 4310; x_wconf 76' lang='lat' dir='ltr'><strong>ciet.</strong></span> <span class='ocrx_word' id='word_1_256' title='bbox 655 4257 750 4307; x_wconf 65' lang='lat' dir='ltr'><strong>Mos.</strong></span> <span class='ocrx_word' id='word_1_257' title='bbox 1135 4261 1151 4308; x_wconf 86' lang='lat' dir='ltr'><strong>t</strong></span> <span class='ocrx_word' id='word_1_258' title='bbox 1169 4259 1190 4308; x_wconf 81' lang='lat' dir='ltr'>C</span> 
     </span>
    </p>
   </div>
   <div class='ocr_carea' id='block_1_16' title="bbox 0 0 1565 4852">
    <p class='ocr_par' dir='ltr' id='par_1_17' title="bbox 0 0 1565 4852">
     <span class='ocr_line' id='line_1_34' title="bbox 0 0 1565 4852; baseline 0 0"><span class='ocrx_word' id='word_1_259' title='bbox 0 0 1565 4852; x_wconf 95' lang='lat' dir='ltr'><strong> </strong></span> 
     </span>
    </p>
   </div>
  </div>
 </body>
</html>
