3104 4830
284 321 349 414 95'6
713 365 743 409 u.
765 362 943 409 suanorum

286 508 414 570 sionem
424 513 437 538 “
474 505 588 568 febrim
615 510 743 582 unctus,
781 523 857 568 cunr
882 503 959 566 inde
991 504 1111 568 lectica
1134 505 1370 582 transferretur,

285 607 476 688 suspexisse
498 605 618 668 dicitur
639 603 773 669 dimotis
788 605 981 688 plagulistw
1003 604 1139 683 coelum,
1167 606 1370 688 multumque

286 715 499 789 conquestus,
515 707 622 788 ‘eripi
633 706 698 769 sibi
712 708 813 770 vitam
829 705 1021 770 immerenti.
1068 705 1186 788 Neque
1207 705 1294 769 enim
1314 725 1372 768 ex-

286 813 372 870 stare
388 808 490 871 ullum
516 827 613 871 suum
634 807 780 872 sactum⁵
804 806 1042 888 poenitendum,
1056 812 1198 888 excepto
1212 805 1372 870 duntaxat

286 907 373 973 11qu
418 907 459 970 Id
469 906 570 990 qirale
582 909 688 985 suerit,
701 927 809 990 neque
823 909 898 990 ipse
908 913 984 971 tuno
997 906 1152 989 prodidit,
1168 925 1275 988 neque
1300 906 1369 969 eui-

286 1028 384 1090 quam
399 1007 498 1072 facile
522 1009 719 1074 succurrat.⁶
764 1007 912 1086 Quidam
937 1007 1138 1090 opinantur,¹
1159 1004 1371 1070 consuetudi-

286 1125 360 1172 nem
374 1109 588 1186 recordatum,
611 1129 712 1193 quam
728 1130 803 1175 eum
827 1109 938 1174 fratris
959 1127 1063 1172 uxore
1083 1107 1261 1172 babuerit.⁷
1304 1105 1370 1170 Sed

285 1208 409 1274 nullam
434 1211 601 1286 babuisse,
621 1216 794 1291 persancte
819 1211 967 1274 Domitia
985 1208 1136 1292 jurabat:
1159 1206 1250 1272 baud
1271 1225 1370 1288 nega·

286 1315 371 1386 tura,
386 1310 416 1372 si
432 1331 500 1392 que
514 1311 798 1390 omninosuisset3
820 1313 921 1375 immo
943 1311 1044 1375 etiam
1065 1309 1254 1391 gloriatura,
1277 1307 1368 1389 quod

285 1409 333 1473 illi
349 1412 603 1490 promtissimum
628 1413 754 1477 eratin
775 1413 928 1476 omnibus
949 1411 1092 1493 probris.
1136 1408 1220 1494 [11.]
1242 1407 1369 1472 Exces-

286 1509 356 1572 sity
377 1509 411 1572 iu
426 1511 554 1588 eadem,
577 1530 645 1594 qua
659 1517 762 1594 pater,
777 1512 869 1586 ville,
896 1511 1031 1576 Idibus⁸
1055 1509 1275 1592 Septembris,
1290 1515 1370 1591 pust

287 1607 456 1674 biennium
472 1629 513 1674 ac
524 1630 653 1675 menses
667 1611 764 1690 duos,
780 1609 923 1695 diesque
938 1612 1064 1694 viginti,
1080 1629 1178 1693 quam
1195 1627 1369 1680 successe·

287 1715 337 1772 rat
350 1713 447 1793 patri,
462 1713 572 1777 altero
590 1721 625 1778 et
650 1713 902 1795 quadragesimo
927 1714 1037 1779 aetatis
1060 1721 1173 1776 annon
1217 1711 1318 1790 Quod
1334 1717 1370 1774 ut

287 1812 396 1892 palem
412 1811 611 1892 factumest,
626 1833 694 1892 uon
707 1833 807 1878 secus
823 1822 925 1898 atque
941 1816 975 1878 in
988 1813 1171 1878 domestico
1186 1814 1276 1878 luctu
1288 1815 1369 1876 r'uoe·

287 2134 353 2184 eud.
364 2136 437 2184 Rom.
448 2137 587 2186 deinde-t
602 2138 823 2189 Sieemeudernut
837 2139 897 2190 Seb.
913 2147 941 2190 et
960 2140 1080 2189 Beruutd.
1096 2145 1125 2189 et
1135 2137 1291 2186 admiserunt
1309 2137 1368 2186 Bes.

286 2198 347 2246 ΑΜ.
360 2199 403 2246 Ste
424 2199 447 2246 b.
458 2209 486 2248 et
498 2209 607 2250 recentt.
617 2217 674 2251 cum
687 2203 712 2251 iu
723 2204 855 2268 plerisque
865 2204 929 2252 Mes.
945 2212 972 2253 et
987 2206 1013 2254 iu
1025 2204 1063 2252 bis
1072 2202 1185 2252 'turneb
1197 2201 1268 2250 Pitb.
1279 2201 1369 2252 Bertb.

286 2262 391 2310 Mearm.
434 2262 532 2313 entes.
548 2265 605 2314 Pet.
618 2269 641 2316 2.
654 2273 732 2331 etque
744 2268 810 2316 Edd.
826 2269 899 2318 Vett.
915 2267 949 2316 eit
961 2269 1059 2328 pettette
1068 2268 1107 2315 vet
1118 2267 1212 2329 putetis.
1243 2265 1275 2313 tu
1288 2264 1368 2315 Petit.

284 2325 374 2386 petetis,
384 2325 479 2374 Medic.
494 2331 515 2375 t.
533 2328 610 2378 Viud.
626 2331 679 2379 Pet.
693 2329 771 2380 duob.
782 2331 884 2381 viterb.
898 2332 983 2383 Noun.
1003 2333 1068 2394 Cep.
1085 2332 1165 2379 Forte.
1190 2329 1368 2392 putednmernin

285 2389 382 2437 Medic.
392 2391 415 2437 2.
432 2390 504 2440 vnn.
514 2392 571 2454 cuj.
583 2394 646 2441 Liui.
657 2395 726 2444 Drru.
736 2394 871 2457 paludibus,
882 2395 908 2444 in
920 2396 977 2444 aliie
994 2396 1055 2444 bret.
1065 2403 1091 2444 et
1100 2395 1169 2442 Deru.
1200 2407 1227 2441 ro
1237 2407 1261 2440 v.
1271 2393 1287 2440 1.
1299 2393 1366 2454 petti-

285 2453 334 2500 bee.
353 2452 443 2528 Heiup.
452 2455 518 2520 conj.
527 2457 634 2513 veleatis,
646 2457 717 2508 Oud.
726 2459 836 2520 pattialis.
862 2461 983 2508 Ceterum
994 2459 1021 2506 ia
1031 2461 1112 2508 entem
1119 2408 1198 2506 VinAE
1211 2462 1280 2506 t.-s
1300 2455 1369 2506 Feret.

283 2531 350 2564 esum
360 2516 456 2565 Medic.
469 2523 492 2567 1.
505 2526 532 2567 et
541 2521 673 2583 penitendo
687 2522 762 2570 Vuae.
785 2523 817 2571 lu
834 2523 912 2573 Faue.
925 2523 1005 2572 Viud.
1018 2527 1042 2571 2.
1057 2537 1104 2570 nere
1114 2522 1163 2583 ipee
1174 2525 1193 2568 t.
1204 2535 1241 2582 pr.
1253 2534 1294 2567 nee
1304 2520 1367 2582 αἱς.

283 2580 332 2628 nisi
343 2579 409 2644 quod
421 2586 471 2631 run
482 2589 521 2631 est
531 2583 555 2632 iu
568 2582 644 2632 Vind.
656 2588 730 2634 teo
741 2587 783 2634 Sic
794 2586 899 2636 Menum.
912 2587 1007 2636 Medic.
1018 2591 1041 2636 l.
1053 2589 1076 2633 8.
1088 2585 1166 2634 Petit.
1174 2584 1233 2646 Cuj.
1246 2591 1296 2632 ete
1308 2597 1368 2630 eeu-

280 2643 346 2707 jeet.
358 2653 505 2722 contexeret
512 2647 567 2722 jlem
580 2647 661 2698 Serio.
671 2663 745 2713 quem
754 2651 814 2698 teet.
822 2651 933 2714 amplexi
942 2659 1001 2700 snut
1009 2650 1097 2699 Geren.
1110 2648 1286 2722 (hemburen.
1299 2646 1368 2695 oud.

283 2708 1368 2848 tipitttttsstrt‘tttr'bittetnbritb“stetistis

279 2842 346 2898 putre
356 2836 422 2887 Edd.
438 2838 510 2887 Rom.
525 2839 596 2888 Med.
613 2855 665 2888 see.
676 2842 742 2889 Ven.
754 2841 825 2891 card.
843 2844 909 2891 Bon.
924 2842 997 2893 Juut.
1016 2839 1079 2904 Arg.
1097 2840 1158 2889 Ait.
1174 2837 1265 2901 Stepb.
1282 2850 1366 2900 neque

283 2901 416 2950 admodum
426 2902 596 2951 neceesarium
608 2910 682 2966 putet
694 2905 783 2954 Burm.
801 2905 868 2954 Deiu
877 2904 968 2968 petitee
980 2903 1075 2954 Medic.
1085 2909 1109 2953 a.
1126 2917 1168 2953 aec
1177 2917 1243 2951 που
1252 2900 1366 2950 Perin-

770 3049 876 3100 NOTAE

282 3166 311 3201 ro
326 3154 430 3216 Jupiter
451 3157 476 3204 tu
497 3163 579 3209 terres
599 3159 720 3210 fulmen?
754 3163 804 3212 Cu·
844 3165 967 3228 quasdem
995 3165 1154 3214 existimem
1181 3160 1272 3222 refert,
1298 3159 1364 3224 qnod

276 3229 321 3292 jue
339 3229 375 3278 rei
394 3243 497 3281 oensem
510 3241 595 3284 terueu
609 3235 804 3287 redditSeuecn
844 3240 951 3290 fratrem
963 3239 1011 3290 sibi
1023 3245 1074 3288 tenr
1090 3233 1227 3286 manifesto
1244 3233 1366 3284 insidien-

282 3305 307 3352 ¹⁰
320 3303 420 3355 ΟΜ·
432 3307 458 3356 Ν
461 3307 612 3359 Ιῑῑῐῐῑῐῑῑῒῑῑί·
844 3327 896 3370 tem
914 3331 964 3367 noo
983 3311 1163 3367 interemisset,
1180 3310 1272 3376 quibus
1291 3323 1366 3360 ecee·

312 3381 499 3448 rucuma]
524 3383 582 3435 Quo
609 3386 718 3449 primunr
747 3387 803 3436 ioco
843 3394 905 3444 dere
919 3388 1075 3441 reemrmer.

280 3456 399 3506 utendum
411 3457 468 3514 fuit,
479 3461 533 3508 rire
545 3461 755 3523 pernocteudum.
873 3479 885 3514 r
903 3467 1022 3529 Excessit]
1040 3464 1222 3524 Philostratus,
1229 3462 1255 3510 iu
1268 3459 1365 3510 viterb·

313 3539 328 3562 '
345 3532 450 3582 ΜΨ
470 3535 583 3600 Ρῑΰβῑῦ]
610 3537 697 3587 Ῑιῑῑῐῦῑ
723 3537 800 3586 ῦθᾶἅ·
842 3543 956 3611 pollenti,
973 3540 1053 3590 trudit
1069 3539 1193 3588 monitura
1209 3536 1242 3586 eb
1259 3535 1365 3602 Apollo·

281 3608 454 3670 pttttttilt‘bttt·
467 3623 526 3672 ptr·
542 3612 673 3672 paludibu-
706 3612 799 3662 Pitboei
841 3621 893 3680 nio,
904 3625 932 3667 ut
943 3617 975 3666 eb
992 3615 1029 3676 bb
1041 3613 1088 3664 ribi
1101 3619 1213 3676 careret,
1224 3611 1364 3676 quiessent

276 3683 379 3744 Pflllttit't·
396 3683 685 3747 viterbfflltdssmtit·
705 3687 801 3736 Omni*
840 3695 889 3744 eibi
901 3691 1076 3758 proximiores.
1104 3689 1253 3738 Extinctum
1265 3701 1364 3738 reueuo

279 3758 410 3808 mennon.
426 3760 493 3809 Vide
511 3761 622 3810 Nonium
638 3762 664 3810 in
681 3762 802 3824 ⁸1³1er
840 3769 935 3832 teporo
946 3765 1046 3822 meent,
1056 3771 1116 3814 nunt
1127 3765 1170 3829 qut
1182 3768 1298 3813 aeneae.
1314 3763 1365 3812 oto

281 3835 381 3884 ΟΜ·
401 3834 467 3884 Μ
476 3836 542 3885 *ΰὶῐΰ
552 3851 584 3886 0¹
594 3836 801 3903 N⁰¹¹¹⁰⁴tt¹⁸8²2'
841 3854 927 3895 nutem
941 3843 1048 3907 periisse
1062 3841 1110 3899 eit,
1125 3841 1273 3904 conjectum
1286 3839 1311 3888 iu
1324 3846 1363 3887 tr-

279 3909 800 3975 nudeptegute,⁴greudetegmeuiinte-
839 3937 894 3974 eam
915 3921 1024 3984 lignem
1049 3917 1108 3966 nive
1128 3917 1269 3979 opptmm,
1303 3918 1364 3966 plu.

279 3997 330 4038 um,
341 3999 416 4048 quem
427 3986 583 4037 tecticariem
594 3988 726 4039 eiudouem
737 3988 801 4040 dici·
841 3997 942 4049 uretur
954 3996 979 4044 tn
990 3994 1083 4043 betueu
1093 3993 1246 4041 extinctum.

278 4057 351 4106 mus!
872 4079 883 4128 r
900 4068 934 4120 Α.
945 4069 977 4120 U.
988 4068 1017 4120 c.
1035 4070 1093 4117 out.

310 4149 322 4174 ¹
341 4145 442 4198 Quidum
457 4148 593 4211 opinamur]
619 4149 668 4200 Dio
690 4163 751 4199 reru
771 4147 799 4198 id
