3090 4824
235 321 307 386 '822
670 336 701 383 o.
724 331 901 384 sunroun

244 499 285 543 ea
306 477 449 542 Galbam
462 482 643 541 tentantem
667 495 720 539 res
741 495 848 539 novas
870 473 1083 551 confirmavit,
1107 493 1207 557 quam
1227 470 1328 538 mulae

243 574 392 661 partusz‘
410 578 596 661 ceterisque
612 582 648 641 ut
663 579 858 641 obscoenum
881 581 1045 638 ostentum
1070 575 1328 649 abhorrentibus,

244 678 336 742 eolus
350 697 411 760 pro
426 676 599 741 laetissimo
614 677 754 760 accepit,
769 695 894 739 memor
918 663 1084 750 sacrificii,
1101 676 1246 758 dictique
1263 677 1330 739 avi.

245 779 363 842 Sumta
377 778 464 842 virili
478 786 566 858 toga,
581 779 761 842 somniavit
776 777 954 841 Fortunam
969 777 1144 853 dicentem,
1159 782 1270 841 ‘stare
1292 795 1329 839 se

245 887 324 943 ante
339 878 427 942 sores
443 878 618 954 defossam,
633 886 667 943 et
680 881 745 943 nisi
761 898 864 961 ocyus
880 880 1093 960 reciperetur,
1109 880 1327 960 cuicumque³

245 979 345 1042 obvio
371 978 495 1062 praedae
520 978 688 1042 futuram!
732 977 847 1060 thue
878 979 1061 1058 evigilavit,
1090 986 1203 1061 aperto
1232 979 1328 1051 atrio,

246 1078 457 1142 simulacrum
475 1098 604 1143 aeneum
629 1080 726 1154 Deae,
742 1079 879 1142 cubitali
903 1079 1025 1161 majus,
1044 1079 1147 1161 juxta
1165 1079 1264 1142 limen
1280 1079 1330 1140 in·

245 1179 356 1244 venit:
379 1179 479 1261 idque
494 1181 616 1260 grermo
640 1199 703 1242 suo
723 1179 919 1255 Tusculum,
946 1182 1002 1243 ubi
1019 1181 1171 1244 aestivare
1196 1197 1331 1242 consue-

245 1280 458 1356 rat‚⁴avexit,
481 1286 514 1342 et
538 1279 573 1342 in
597 1287 690 1362 parte
709 1279 853 1344 aedium*
887 1287 1129 1355 consecratum,
1153 1279 1330 1343 menstruis

246 1379 404 1463 deinceps
425 1380 435 1414 ⁵
460 1380 762 1463 supplicationibus
790 1386 824 1443 et
857 1381 1030 1462 pervigilio
1053 1377 1066 1414 ¹³
1104 1381 1330 1443 anniversario

247 1479 361 1543 coluit.
405 1478 607 1562 Quanquam
631 1487 731 1545 aetate
760 1481 931 1544 nondum⁶
976 1483 1153 1556 constanti,
1189 1489 1331 1544 voterem

247 1581 398 1644 civitatis
411 1580 646 1665 exoletumque
658 1601 796 1658 morem,
808 1601 849 1646 ac
865 1587 993 1645 tantum
1005 1585 1039 1645 io
1053 1582 1152 1645 domo
1165 1589 1250 1645 sual
1264 1580 1332 1646 bae·

247 1686 378 1757 rentem,
391 1680 655 1745 obstinatissime
668 1683 818 1755 retinuit,
842 1689 879 1748 ut
898 1682 1006 1746 liberti
1031 1683 1185 1766 servique
1205 1681 1259 1745 bis
1279 1683 1333 1747 die

247 1781 434 1864 frequentes
448 1780 615 1857 adessent,
639 1800 680 1845 ao
703 1800 799 1844 mane
824 1782 961 1859 salvere,
979 1783 1112 1865 vesperi
1136 1781 1242 1846 valere
1267 1784 1332 1848 sibi

248 1883 367 1964 singoli
397 1882 553 1946 dicerent.
596 1880 659 1966 [5.]
680 1881 771 1946 Inter
796 1881 950 1946 liberales
977 1883 1173 1965 disciplinas
1196 1883 1335 1948 attendit

249 1981 307 2045 et⁸
325 1983 403 2063 juri.
451 1982 554 2045 Dedit
573 1988 608 2044 et
634 1981 846 2050 matrimonio
873 2001 1028 2065 operam:
1062 2001 1184 2058 verum,
1209 1983 1334 2046 amissa

249 2099 356 2145 uxore
371 2081 513 2165 Lepida,
528 2082 722 2167 duobusque
738 2102 782 2146 ex
796 2103 837 2146 ea
852 2081 941 2159 liliis,
955 2083 1110 2148 remansit
1117 2083 1151 2146 in
1164 2083 1334 2158 coelibatu,

249 2200 358 2264 neque
375 2183 535 2246 solicitari
550 2184 620 2248 ulla
639 2184 828 2250 conditione
852 2184 996 2267 amplius
1013 2186 1134 2268 potuit,
1157 2204 1198 2248 ne
1216 2183 1334 2266 Agrip·

703 2361 882 2384 ”neuneu

250 2491 335 2541 Perie.
349 2490 462 2542 Heriem·
473 2491 539 2541 lidd.
550 2493 624 2542 Vett.
635 2500 733 2557 prreter
742 2493 831 2556 Strpb.
840 2493 899 2544 Bas.
908 2501 936 2544 et
948 2499 1106 2545 recanat-8
1119 2494 1286 2555 cejmmnqrre
1297 2495 1336 2542 ob·

248 2556 286 2604 eie
296 2555 374 2604 vind.
386 2559 409 2604 l.
442 2556 524 2604 Paulo
541 2565 601 2606 ente
617 2558 761 2620 reperiretur
780 2558 901 2608 corb-t
918 2559 961 2608 lta
980 2561 1076 2622 primus
1088 2557 1170 2607 edidit
1182 2557 1262 2607 Groo.
1275 2571 1334 2606 cunr

251 2619 358 2669 Mamm.
369 2618 465 2668 Medic.
481 2625 503 2670 l.
515 2623 539 2670 Β.
550 2621 627 2670 Polit.
640 2622 705 2670 Edd.
719 2623 793 2672 ltonr.
827 2621 857 2670 ln
876 2623 1003 2687 plerisque
1018 2627 1175 2676 merant·
1193 2630 1222 2670 ut
1232 2623 1335 2682 sepina.

250 2683 342 2732 Statim
360 2685 457 2732 aduxit
475 2684 571 2733 Medic.
585 2690 607 2734 l.
619 2689 644 2734 2.
663 2687 740 2734 Vind.
752 2695 870 2749 uterque,
880 2689 953 2736 Cart.
970 2687 1051 2738 Fouc.
1069 2687 1136 2736 Edd.
1157 2687 1230 2734 Rom.
1247 2685 1335 2734 colebat

249 2749 335 2796 odora
347 2747 411 2809 Cop.
422 2748 448 2795 r'rr
455 2753 547 2810 purten
555 2749 674 2798 Dum-5
688 2750 867 2800 DeindeFouc.
877 2752 921 2813 qui
930 2757 957 2801 et
966 2751 1184 2813 moxecperoigili,
1192 2763 1250 2797 cum
1258 2749 1335 2797 vind.

252 2818 370 2874 utroque,
382 2811 454 2860 corr.
466 2813 527 2860 item
538 2814 650 2875 prr-uigili
665 2814 716 2863 duo
735 2814 818 2863 Pulm.
836 2813 944 2863 totidem
963 2815 1049 2864 Bnrm.
1061 2822 1087 2863 et
1099 2813 1164 2863 Edd.
1176 2828 1236 2862 erec.
1250 2819 1336 2876 met

251 2875 383 2936 bugd-d
401 2874 534 2929 Quartam
549 2879 650 2925 eoadem
667 2884 707 2926 aet.
725 2876 777 2925 duo
793 2877 867 2927 Torr.
887 2877 982 2927 Medio.
995 2883 1019 2928 1.
1037 2877 1114 2926 Polit.
1133 2877 1208 2924 vind.
1220 2881 1245 2924 ἓ.
1264 2878 1337 2925 Cart.

250 2937 323 2984 vore.
334 2938 376 2984 vel
385 2944 464 2986 autern
473 2945 512 2988 σε.
527 2941 588 2988 item
601 2940 667 2990 Edd.
680 2941 753 2989 Rom.
765 2941 875 2990 Ceseob.
885 2944 936 2990 dre.
946 2955 1026 3004 usqne
1043 2941 1074 2990 ad
1087 2941 1173 2990 Brrror·
1183 2941 1226 3002 qui
1238 2939 1336 2990 delerit

234 2985 279 3048 *eb
289 3006 375 3062 eutem,
388 3015 494 3064 eumque
505 3004 588 3051 secuti
602 3005 661 3052 Ern-
673 3003 741 3053 Ond.
758 3017 829 3068 seqq.
846 3005 1025 3069 adjuvantibus
1044 3005 1148 3052 Memor.
1165 3005 1235 3052 Duo.
1254 3004 1337 3052 Perie-

252 3063 369 3112 Herlem.
379 3064 561 3126 alumnarum
571 3065 637 3116 Edd.
650 3067 722 3116 Vett.
743 3074 797 3117 rrrrte
805 3075 846 3118 aet.
858 3070 937 3118 Vind.
946 3070 1195 3119 immanentem.
1207 3066 1302 3115 Medic.
1314 3072 1338 3117 l.

251 3141 312 3240 2¹¹2·
323 3139 377 3241 l't
389 3128 519 3242 titul
530 3130 1337 3260 '‘t‘st;.l³tltt·”ut,l⁰ltll·¹·itt‘3u5‘tn‘btt

740 3365 848 3415 NOTAE

252 3465 324 3508 aaut:
342 3459 417 3508 enixe
433 3459 501 3508 enim
519 3467 559 3508 eet
575 3467 636 3510 tnnc
651 3461 775 3522 temporie
815 3463 955 3524 existimat,
967 3470 1050 3512 ortnm
1066 3476 1123 3512 esee
1134 3475 1229 3510 morem
1241 3474 1338 3524 penen-

252 3535 322 3582 mula
339 3535 455 3597 quadani
473 3534 540 3598 apud
561 3537 681 3599 zopirnm
703 3537 774 3585 Darii
815 3535 841 3584 di
851 3549 954 3599 semper
964 3537 1103 3588 Fortunam
1110 3551 1213 3586 auream
1225 3537 1250 3584 in
1262 3537 1338 3584 Prin-

252 3609 382 3659 comitem.
815 3613 900 3674 cipum
919 3611 1052 3661 eubiculo:
1070 3612 1129 3660 trine
1144 3620 1171 3660 et
1185 3612 1229 3660 llis
1245 3613 1338 3659 numis-

286 3684 479 3748 'Mrrlaeprrtuel
495 3685 652 3735 Aristotelea
663 3685 776 3736 librour.
815 3695 911 3735 metum
928 3695 955 3736 et
974 3701 1127 3737 marmorum
1144 3687 1277 3749 inscriptio
1288 3685 1340 3735 t're·

252 3761 285 3810 de
298 3761 368 3811 litat.
381 3760 489 3810 Animal.
500 3775 558 3824 cap.
567 3765 608 3812 ut.
620 3759 710 3822 tradit,
721 3775 776 3810 mo·
816 3761 983 3826 quentiseims
994 3775 1075 3812 rouo.
1088 3773 1153 3810 evo.

252 3839 289 3887 les
307 3839 333 3886 in
353 3838 429 3901 Syrie
443 3838 519 3899 vulgo
536 3851 636 3900 perere,
653 3836 698 3884 red
709 3851 776 3886 essa
848 3836 859 3870 ὓ
877 3837 1019 3899 Pervigilio]
1038 3837 1096 3886 lloc
1112 3843 1161 3892 eet,
1178 3833 1341 3893 sacrificium,

251 3913 410 3963 nostratibus
419 3911 542 3960 diversas.
558 3911 631 3962 idem
641 3920 668 3962 et
677 3911 775 3960 Plinius
816 3912 884 3976 quod
902 3927 970 3961 auno
987 3919 1105 3961 vertente
1123 3912 1272 3960 celebrabat
1282 3910 1340 3974 jugi

252 3985 544 4050 err'lbeopbreetolibro
555 3999 617 4037 urm.
629 3991 732 4050 cap-tt.
742 3987 775 4037 de
816 3990 889 4037 unios
901 3989 982 4036 uectis
998 3988 1096 4051 eigilis.
1130 3988 1198 4038 Vide
1215 3987 1242 4036 in
1255 3986 1341 4050 calip.

252 4061 513 4124 muliaceppadocire
526 4061 613 4110 refert.
816 4063 964 4128 adceptt.

285 4144 296 4178 Ι
315 4136 344 4185 la
355 4142 423 4198 parte
432 4137 529 4200 adium]
547 4136 612 4185 lude
624 4137 774 4187 Torrentius
